3200 5525
772 730 835 796 171

320 911 518 979 Mussmmm
539 914 764 1000 deprecataest,
787 914 959 978 Ninersso
984 916 1090 977 contra
1102 910 1293 977 vehementer

318 1030 382 1112 ejus
405 1028 538 1115 flagitiar
569 1033 601 1093 et
627 1028 785 1093 libidinem
814 1032 982 1093 accusante.
1006 1028 1163 1091 Postremo
1183 1027 1294 1090 Crau-

317 1162 397 1207 u1us
418 1144 530 1230 virgini
543 1144 661 1209 Vestali
675 1144 867 1230 respondisse
878 1144 974 1209 fertur
994 1144 1151 1207 aTAcrro
1162 1142 1183 1206 l.
1195 1141 1215 1204 l.
1228 1162 1292 1225 cap.

318 1258 479 1323 XXXIV:
504 1260 700 1332 frauditurum
731 1260 906 1347 Principem
927 1264 958 1324 et
976 1261 1041 1323 fore
1064 1257 1202 1323 diluendi
1234 1257 1293 1318 cri-

319 1372 431 1438 eminis
453 1375 652 1439 facultatem:-
667 1376 726 1439 iret
742 1374 867 1440 interim
883 1375 973 1462 ¹uirgo
998 1380 1029 1438 et
1049 1396 1133 1438 sacra
1157 1392 1293 1457 capesse-

318 1487 415 1552 rret.'’
450 1484 555 1554 'areu
586 1495 655 1576 post
682 1496 793 1569 tamen,
828 1496 906 1556 teste
930 1490 1058 1558 Ticino
1087 1489 1201 1554 Annei,
1224 1486 1244 1550 l.
1268 1485 1290 1551 l.

317 1622 373 1687 cap
403 1603 534 1669 XXXV
569 1628 621 1690 sq,
649 1608 764 1670 Srnrus
799 1608 948 1691 multique
980 1606 1033 1671 alii
1053 1628 1069 1669 c
1090 1602 1229 1669 sontibus
1253 1600 1292 1664 ad

315 1722 443 1783 mortem
464 1721 549 1785 ducti
574 1726 656 1801 sunt,
678 1745 858 1807 quamquam
882 1724 979 1809 ipsam
999 1722 1293 1787 Mnsssnrunnoc·

316 1831 416 1897 cidere
440 1835 615 1900 Ceronius
636 1837 795 1903 dubitabat
811 1826 965 1923 jussitque
989 1841 1058 1923 post
1081 1835 1195 1921 epulas,
1218 1830 1292 1896 utci

315 1949 508 2013 nuntiaretur
532 1956 653 2036 postero
672 1952 720 2016 die
742 1974 863 2017 causam
884 1955 911 2017 ei
929 1953 993 2017 fore
1006 1950 1173 2016 dicendam.
1197 1947 1292 2012 Nen-

315 2082 426 2128 orssus
453 2054 563 2143 tamen,
587 2071 724 2131 metuens
760 2090 799 2132 ne
817 2068 1018 2131 Mussunrnn
1043 2088 1113 2130 cum
1136 2064 1291 2128 Clauum

315 2175 347 2240 in
382 2179 512 2265 gratiam
532 2181 653 2260 rediret,
677 2181 702 2246 si
728 2182 920 2266 colloquendi
940 2182 1115 2246 facultatem
1135 2178 1292 2243 nancisce-

314 2296 407 2370 retur,
441 2294 532 2379 idque
557 2296 615 2361 sibi
639 2283 929 2382 periculosissimum
953 2298 1017 2361 fore
1041 2300 1134 2372 ratus,
1157 2280 1292 2358 centuri-

314 2408 422 2472 onibus
438 2415 469 2473 et
489 2411 622 2489 tribuno,
645 2411 731 2495 quasi
751 2412 841 2496 jussu
863 2412 1063 2497 imperatoris,
1079 2408 1291 2485 mandavit,ut

316 2544 380 2587 eam
404 2523 619 2590 interficerent.
643 2525 736 2596 Quod
752 2526 928 2589 mandatum
952 2525 1088 2591 exsecuti
1111 2546 1205 2608 quum
1225 2544 1291 2586 eam

315 2636 506 2715 occidissent,
529 2644 559 2702 et
579 2644 699 2725 postero
724 2641 772 2705 die
792 2641 928 2727 epulanti
948 2642 1103 2705 Ormumo
1115 2638 1290 2702 nuntiatum

315 2754 393 2815 essct
421 2751 643 2820 Mussnnrnmu
667 2759 818 2820 mortuam
846 2778 920 2834 esse,
942 2778 999 2820 nec
1018 2753 1144 2819 nuntios
1161 2754 1291 2817 interro-

313 2865 407 2953 gavit,
430 2871 532 2931 utrum
557 2891 613 2932 sua
637 2890 676 2932 an
700 2869 798 2932 aliena
822 2892 914 2934 manu
930 2870 1078 2956 periisset,
1088 2890 1186 2953 neque
1198 2867 1290 2931 etiam

315 2981 510 3066 sequentibus
535 2982 640 3047 diebus
654 2984 718 3068 ejus
738 2984 923 3048 mentionem
946 2984 1028 3048 fecit.
1051 2985 1119 3047 Imo
1143 2982 1288 3047 Naucrs·

314 3119 381 3176 sus,
411 3101 464 3183 qui
499 3121 578 3162 unus
603 3100 703 3164 caedis
721 3105 827 3164 auctor
848 3101 1002 3166 vocandus
1026 3104 1100 3178 erat,
1123 3097 1290 3164 honoribus

314 3213 438 3276 affectus
459 3235 523 3277 esse
546 3218 725 3279 narratura
749 3215 1010 3280 TA01r0Aneut.
1033 3213 1117 3278 Libr.
1141 3213 1201 3290 XI,
1224 3232 1291 3297 cap.

314 3325 515 3391 XXXVIII:
552 3327 704 3394 uDecreta
736 3330 904 3395 Nancrsso
939 3328 1111 3414 quaestoria
1145 3324 1289 3413 insignia,

313 3440 518 3506 rrlevissimum
543 3444 659 3508 fastidii
692 3446 767 3531 ejus,
798 3467 891 3530 quum
920 3465 1010 3530 super
1029 3443 1238 3508 Punnrnrrn
1257 3442 1289 3504 et

316 3555 529 3619 eOAnnrsrum
553 3557 686 3643 ageret.'‘

357 3667 473 3734 Eodem
494 3692 584 3748 anno,
606 3693 666 3754 quo
690 3671 887 3735 Massicum
910 3672 1072 3736 interfecta
1100 3674 1155 3748 est,
1177 3671 1288 3734 Oneu-

314 3802 390 3847 nrus
403 3783 564 3849 consilium
582 3786 662 3872 cepit
678 3809 787 3851 novam
799 3809 925 3852 uxorem
938 3786 1078 3851 ducendi.
1101 3787 1179 3850 Orto
1191 3786 1288 3872 igitur

312 3896 393 3961 inter
428 3898 553 3964 libertos
590 3903 762 3990 certamine,
785 3903 854 3987 quis
873 3903 908 3966 in
919 3924 1014 3966 uxore
1037 3901 1178 3989 eligenda
1192 3900 1288 3987 impe-

311 4011 406 4076 ratori
427 4013 588 4080 consilium
609 4016 702 4094 daret,
724 4016 1287 4098 PennusAcnrrrrurn,Nnrrc1ssus

310 4127 440 4192 Annrrn
472 4128 631 4210 Purruan,
665 4132 815 4197 Lonnrur
850 4133 1043 4200 Prummu
1081 4128 1286 4198 Canmsrus

309 4241 459 4322 favebant.
506 4246 580 4311 Non
616 4248 717 4334 potuit
756 4253 858 4335 tamen
893 4251 1078 4316 Naumssus
1113 4247 1286 4318 (insumo

309 4358 496 4444 persuadere,
530 4367 565 4426 ut
600 4365 748 4430 Animum
779 4364 937 4432 Pinum
960 4367 1093 4449 duceret,
1115 4393 1204 4454 quam
1220 4371 1284 4454 jam

312 4475 400 4538 antea
419 4473 452 4539 in
473 4477 666 4545 matrimonio
691 4479 848 4546 habuisset
867 4487 899 4548 et
922 4506 959 4548 ex
979 4508 1038 4570 qua
1058 4485 1150 4551 ffliam
1174 4488 1285 4550 Auro-
