3200 5525
779 669 821 727 42

312 846 482 909 Sardiniam
505 846 680 931 deportatus
696 852 750 925 est,
773 852 809 911 ut
820 845 915 911 tradit
926 845 1081 924 Tncrrns,
1103 846 1141 908 A„
1159 844 1197 908 U.
1211 848 1289 922 818,

311 961 415 1024 eodem
444 983 524 1024 anno
552 984 612 1046 quo
647 963 779 1027 Sunuci
810 968 842 1028 et
861 963 1064 1028 Larnnnuns
1092 960 1187 1024 occisi
1206 964 1289 1025 sunt.

312 1076 471 1140 ramam
492 1099 572 1154 vero,
595 1100 684 1161 quem
705 1079 892 1146 Surronrus
912 1099 975 1140 nna
995 1098 1065 1139 cum
1085 1076 1201 1139 Osssro
1225 1096 1289 1139 me-

312 1198 409 1255 morat
421 1215 482 1257 non
506 1194 610 1258 eodem
624 1194 676 1259 sed
700 1193 837 1278 sequenti
862 1213 942 1255 anno
962 1195 1088 1253 mortem
1101 1189 1188 1266 obiit,
1210 1192 1288 1254 teste

313 1306 439 1372 Tscrro
463 1311 579 1377 Annat.
602 1309 686 1373 Libr.
711 1308 802 1387 XVI,
823 1331 886 1392 cap.
910 1306 1031 1372 XXIII
1055 1327 1119 1390 sqq.

355 1535 426 1597 Jam
446 1539 634 1599 transeamus
658 1536 696 1598 ad
721 1535 889 1613 Pnnasum
912 1535 965 1618 qui
987 1557 1049 1599 non
1070 1533 1174 1598 minus
1187 1533 1286 1598 elatus

232 1708 235 1714 .
279 1681 283 1690 ¹
309 1648 368 1711 fnit
385 1650 623 1733 jurisconsultus
639 1673 727 1734 quam
743 1648 889 1727 Cassius,
913 1648 964 1713 sed
979 1670 1169 1732 nequaquam
1181 1647 1283 1712 eadem

309 1764 423 1829 virtute
447 1770 537 1849 atque
560 1765 745 1852 integritate.
769 1765 860 1828 Vixit
880 1770 979 1829 autem
997 1764 1053 1827 sub
1074 1762 1284 1826 Vnsrrsrarro

307 1884 339 1943 et
358 1879 566 1960 Donrrrrrm,
600 1881 711 1966 quibus
737 1880 957 1967 imperantibus
977 1878 1169 1943 consulatum
1190 1876 1286 1963 gessit

309 1998 340 2059 et
364 1997 552 2081 praefectura
571 1996 656 2061 urbis
675 1998 800 2061 functus
821 2002 876 2061 est
922 1995 999 2079 Ejus
1018 1994 1203 2058 mentionem
1222 1993 1285 2056 fac·

308 2112 376 2172 tum
410 2110 582 2173 invenimus
614 2111 647 2173 in
680 2112 742 2176 Sat.
766 2110 826 2188 IV,
849 2109 901 2173 ubi
920 2108 942 2170 J
944 2129 1109 2173 ursmarus
1132 2111 1285 2171 senatores

307 2226 339 2286 et
358 2223 511 2309 principes
535 2224 668 2288 civitatis
692 2225 881 2310 perstringit,
902 2224 984 2308 qnod
1008 2224 1200 2289 Dorssrranr
1216 2224 1284 2307 jus·

308 2336 350 2399 sis
374 2337 464 2401 etiam
484 2338 517 2400 in
542 2338 631 2403 rebus
654 2338 773 2403 minimi
793 2339 939 2403 momenti
964 2338 1113 2403 serviliter
1137 2342 1283 2424 parerent.

308 2448 414 2520 Quum
438 2453 518 2516 enim
543 2453 706 2537 aliquando
730 2454 874 2520 rhombus
898 2458 973 2520 mira
993 2454 1203 2541 magnitudine
1226 2454 1283 2517 im-

309 2570 441 2654 peratori
475 2570 554 2634 dono
592 2570 680 2634 datus
703 2576 790 2649 esset,
815 2578 938 2637 senatus
959 2577 1161 2648 mnvocatur,
1182 2575 1219 2633 ut
1245 2570 1282 2633 de

307 2685 389 2770 pisce
413 2686 569 2770 coquendo
590 2686 677 2772 quasi
702 2687 739 2751 de
762 2710 794 2752 re
819 2689 922 2776 magni
935 2689 1080 2754 momenti
1093 2686 1283 2751 deliberetur.

308 2799 423 2887 Magna
452 2802 646 2868 festinatione
681 2811 835 2870 senatores
869 2805 1069 2883 conveniunt,
1104 2825 1140 2868 ao
1167 2802 1284 2889 primus

307 2916 441 2980 omnium
465 2917 621 2998 Prorsus,
645 2920 681 2984 de
705 2943 764 3004 quo
789 2921 834 2984 ita
857 2919 1064 2983 Jnvrrnnrs:

388 3170 648 3190 ..........
669 3130 796 3207 PrImua,
819 3129 965 3188 clamante
982 3127 1128 3186 Liburno:

387 3236 504 3312 ourrIte,
521 3238 585 3312 jam
607 3236 697 3294 seditl
718 3239 805 3310 rapta
823 3230 1000 3307 properabat
1020 3229 1120 3286 abolla

388 3336 539 3414 Pegasus,
561 3338 705 3396 attonitae
726 3337 842 3412 posItus
860 3331 945 3390 modo
967 3332 1073 3390 vilicus
1093 3331 1169 3391 urbi.

389 3436 477 3496 Anne
496 3438 577 3495 aliud
598 3443 668 3497 tuno
687 3437 856 3514 praefecti?
878 3455 1001 3512 qnorum
1023 3437 1150 3515 optimus
1171 3442 1261 3514 atque

386 3540 531 3618 interpres
548 3541 646 3615 legum
668 3541 872 3600 sanctissimus
889 3541 988 3600 omnia
1005 3559 1183 3618 quamquam

388 3643 569 3722 temporibus
587 3643 659 3703 diris
680 3644 836 3704 tractanda
858 3644 983 3722 putabat
1000 3645 1105 3704 inermi

380 3746 501 3824 justitia
523 3751 578 3807 oet.

355 3950 447 4016 Unde
468 3958 593 4043 apparet
613 3955 661 4020 vel
681 3955 821 4042 optimos,
843 3955 877 4019 in
902 3952 1013 4038 quibus
1037 3954 1196 4039 praecipue
1219 3952 1281 4016 Pn-

307 4086 419 4130 easun
454 4069 548 4134 fnisse
578 4071 643 4154 ipse
678 4069 869 4135 Jnvnnanrs
905 4069 1042 4145 affirmat,
1065 4068 1167 4132 servili
1191 4071 1281 4149 atque

306 4185 434 4273 indigno
458 4187 547 4251 modo
580 4186 715 4273 paruisse
730 4185 825 4271 jussis
841 4183 972 4268 tyranni.
1019 4183 1181 4247 Prorsus
1201 4186 1280 4245 oete-

307 4301 417 4385 roquin
442 4302 651 4366 doctissimum
674 4306 705 4365 et
721 4300 811 4364 laude
832 4300 959 4386 dignum
979 4298 1078 4363 virum
1098 4298 1280 4374 spissarum

310 4439 325 4480 e
350 4416 449 4483 verbis
471 4421 641 4502 trinterprer
663 4418 759 4500 leptim
772 4417 1008 4491 sanctissimas?
1031 4418 1097 4476 tum
1122 4411 1209 4475 exiis
1229 4433 1281 4495 ap-
