3200 5525
805 721 870 783 108

348 897 457 963 'fecisse
477 921 515 963 ne
531 898 658 986 dispersi
680 900 857 967 lascivirent
880 900 964 966 urbis
984 900 1151 980 illecebris3
1175 905 1262 965 extra
1273 921 1328 964 ur·

351 1011 416 1078 bem
438 1014 518 1079 enim
538 1020 636 1080 castra
659 1018 770 1103 posuit.
816 1017 948 1081 Addidit
971 1016 1063 1081 etiam
1086 1017 1151 1082 fore
1171 1021 1208 1081 ut
1220 1017 1328 1101 majori

352 1127 397 1192 sic
424 1130 538 1194 auxilio
573 1136 674 1196 essent
705 1137 736 1197 et
770 1132 881 1197 fortius
913 1154 977 1197 sese
1000 1135 1149 1219 gererent,
1172 1130 1199 1195 si
1222 1151 1329 1195 eorum

352 1262 442 1326 opera
465 1242 617 1329 indigeret
639 1244 819 1331 respublica.
843 1244 893 1310 Ab
915 1244 974 1309 hoc
997 1245 1069 1309 inde
1093 1248 1330 1331 temporaprae-

352 1357 487 1422 torianos
510 1381 600 1443 quam
624 1360 752 1425 maxime
780 1360 839 1425 sibi
864 1360 1011 1439 devinxit,
1033 1381 1161 1445 quorum
1185 1358 1245 1423 fide
1267 1358 1329 1423 frc-

352 1472 402 1533 tus
429 1471 527 1557 magis
558 1472 714 1559 magisque
742 1472 897 1559 superbire
920 1473 1029 1560 coepit.
1075 1472 1221 1559 Legimus
1244 1471 1328 1537 enim

350 1583 431 1668 apud
463 1584 618 1649 Tncrruu
654 1588 769 1652 Annei.
816 1586 901 1652 Libr.
936 1586 996 1666 IV,
1031 1610 1095 1674 cap.
1118 1587 1171 1652 11:
1196 1586 1328 1672 nNeque

354 1698 525 1762 asenatorio
560 1698 676 1765 ambitu
711 1700 882 1766 abstinebat
906 1701 1033 1767 clientes
1065 1724 1135 1767 suos
1159 1700 1328 1766 honoribus

355 1816 428 1876 naut
459 1813 626 1899 provinciis
661 1815 809 1893 ornando,
838 1816 921 1880 facili
944 1816 1089 1881 Treuero
1108 1821 1200 1901 atque
1222 1836 1329 1902 prono,

354 1930 410 1991 aut
432 1929 543 1993 sociam
569 1929 702 1994 lotorem
725 1952 786 1995 non
811 1930 902 1996 modo
914 1930 947 1994 in
960 1929 1158 2007 sermonibus,
1180 1929 1234 1994 sed
1246 1929 1329 2015 apud

355 2040 482 2107 uPatres
517 2046 547 2107 et
582 2044 727 2130 populum
761 2044 924 2111 celebraret
948 2045 1067 2130 colique
1090 2067 1143 2131 per
1162 2044 1281 2109 theatra
1296 2049 1329 2109 et

354 2156 439 2221 ulora
462 2156 575 2244 effigies
599 2159 664 2243 ejus
687 2158 827 2243 interque
852 2159 1003 2245 principia
1018 2159 1173 2247 legionum
1187 2157 1329 2223 sineret.”

353 2267 438 2333 Huic
467 2270 589 2336 sesnin
620 2274 764 2357 potestati
788 2273 899 2337 alludit
922 2272 1113 2340 Juvruanrs
1132 2274 1195 2338 Sat.
1219 2272 1260 2350 X,
1279 2295 1326 2340 vs.

354 2386 397 2446 90
423 2406 502 2468 sqq.:

433 2568 526 2630 Visne
546 2571 670 2632 salutari
689 2572 766 2633 sicut
786 2570 925 2651 Sejanus,
945 2558 1056 2633 babere

432 2672 615 2751 tantundem,
636 2678 726 2750 atque
747 2674 791 2733 illi
813 2692 943 2735 summas
963 2674 1074 2735 donare
1095 2674 1221 2750 curules,

430 2775 515 2837 illum
536 2777 714 2838 exercitibus
735 2795 917 2856 praeponere
938 2784 995 2838 cet.

396 2970 446 3035 Ad
470 2978 616 3056 quantum
642 2979 741 3038 autem
766 2973 1024 3038 honorisculmen
1037 2971 1224 3059 pervenisset
1236 2971 1327 3037 docet

350 3085 417 3150 Dro
437 3086 579 3152 Gassrus
610 3087 693 3152 Libr.
729 3086 834 3164 LVII,
856 3109 924 3172 pag.
951 3088 1016 3149 617
1046 3084 1081 3160 C,
1104 3104 1232 3146 narrans
1257 3106 1328 3149 eum

352 3201 471 3285 saepius
506 3223 523 3263 a
559 3205 665 3264 senatu
697 3222 732 3263 ac
768 3199 882 3284 populo
906 3197 1029 3261 solitum
1053 3218 1117 3259 esse
1137 3194 1264 3271 laudari,
1288 3199 1329 3263 ad

349 3313 414 3397 ejus
435 3312 557 3375 domum
581 3334 668 3375 mane
683 3311 889 3375 nobilissimos
913 3311 994 3375 viros
1018 3309 1190 3386 ventitasse,
1214 3309 1329 3394 quide

351 3425 440 3490 rebus
461 3446 526 3488 cum
549 3423 675 3509 privatis
687 3429 751 3488 tum
766 3424 897 3511 publicis
909 3447 977 3488 eum
991 3424 1201 3502 consulerent,
1226 3425 1329 3490 addit·

350 3559 408 3620 que
433 3551 503 3604 ‘tuat
531 3549 679 3606 συνελόντι
710 3552 812 3626 εἰπεῖν,
842 3545 929 3606 οὐδὲν
958 3549 1002 3606 ἔτι
1030 3552 1118 3625 χωρὶς
1150 3551 1246 3608 αὐτοῦ
1270 3552 1328 3608 τῶν

351 3655 513 3724 „toaodrmr
531 3651 718 3729 inpetrato?

395 3755 465 3820 Jam
485 3777 556 3820 vcro
578 3755 739 3820 consilium
759 3753 838 3817 inire
859 3753 959 3838 coepit
981 3753 1174 3840 imperatoris
1198 3752 1325 3839 propin·

351 3892 438 3954 quos,
462 3891 537 3954 quos
558 3869 615 3934 sibi
639 3869 765 3933 infestos
790 3891 826 3933 ac
846 3868 1032 3954 periculosos
1061 3872 1255 3956 cognoverat,
1277 3867 1326 3932 in·

348 3982 455 4070 primis
479 3987 579 4048 autem
604 3982 759 4060 Drusum,
771 3981 909 4047 Trarurr
920 3981 1054 4060 filium,c
1074 3980 1174 4046 medio
1185 3981 1327 4046 tollendi.

347 4097 440 4169 Quod
464 4096 600 4180 quumvi
620 4097 762 4182 perficere
783 4119 846 4160 non
870 4095 1006 4173 auderet,
1029 4095 1099 4160 dolo
1115 4099 1241 4160 conatus
1268 4099 1325 4163 est.

350 4209 413 4275 Cur
437 4219 536 4275 autem
558 4211 675 4275 Drauso
700 4211 829 4275 maxime
852 4210 949 4275 iratus
969 4215 1056 4289 esset,
1077 4209 1327 4274 TacIrusdooet

349 4326 461 4390 dunel.
485 4324 567 4389 Libr.
592 4323 651 4401 IV,
676 4346 739 4411 cap.
763 4325 818 4388 III
837 4323 896 4389 hoc
921 4323 1025 4389 modo:
1052 4324 1154 4388 uNam
1187 4321 1327 4387 Drusus

350 4438 530 4525 ›simpaticns
555 4437 664 4502 aemuli
689 4441 719 4501 et
744 4437 845 4501 animo
868 4436 1059 4514 commotior,
1082 4440 1149 4500 orto
1172 4437 1249 4500 forte
1262 4435 1330 4520 jur·
