3200 5525
309 744 357 810 11,
750 761 840 783 ...-

307 916 486 1001 conjuupcre
520 915 595 978 midi
632 915 744 995 liceret,
779 941 816 982 ac
849 919 929 982 satis
965 920 1085 1000 loupum
1109 925 1226 1001 tempus
1250 918 1284 981 in

307 1030 444 1115 utrisque
468 1052 586 1115 operam
611 1030 764 1095 collocavi.
789 1030 965 1096 Meministi
988 1056 1065 1110 uero,
1078 1054 1284 1119 quumseueu-

307 1146 443 1230 niofere
465 1147 575 1211 ulline
596 1147 686 1229 praui
708 1148 805 1210 morlo
829 1151 959 1235 affectus
977 1170 1035 1233 per
1058 1148 1177 1232 aliquot
1200 1168 1281 1209 men-

307 1282 355 1324 ses
385 1262 475 1325 solita
507 1269 558 1325 tuo
592 1283 715 1325 munere
727 1262 828 1345 funpi
858 1262 1060 1346 impedireris.
1095 1284 1142 1324 me
1174 1269 1282 1344 ropatu

307 1382 368 1452 tuo,
403 1399 440 1440 ne
458 1397 585 1460 prorsus
616 1375 812 1440 institutione
847 1384 982 1440 carerent
1006 1377 1171 1460 discipuli„
1187 1377 1282 1441 lilon-

307 1497 353 1553 ter
388 1491 421 1553 in
456 1499 541 1554 tuum
577 1490 672 1555 locum
706 1491 885 1554 successisse
920 1499 949 1555 et
976 1514 1034 1575 pro
1057 1492 1174 1555 uiribus
1208 1492 1283 1554 meis

306 1628 426 1689 operam
473 1607 592 1670 dedisse
633 1629 671 1670 ne
696 1629 755 1690 per
778 1607 1006 1694 {aepritudinem
1042 1614 1126 1671 tuam
1162 1608 1283 1671 omnino

307 1720 510 1785 adolescentes
552 1720 720 1805 disciplina
766 1721 910 1786 destituti
944 1729 1051 1788 esseut.
1114 1722 1282 1807 Postquam

306 1836 524 1900 reconualnisti
558 1842 588 1899 ct
618 1836 817 1919 comprobatio
851 1844 907 1901 tua
942 1859 1070 1901 meorum
1106 1844 1283 1915 conatuum,

308 1958 337 2014 et
369 1973 436 2014 aero
468 1951 538 2034 ipsa
570 1950 694 2016 docendi
728 1951 855 2017 dulcedo
878 1974 924 2015 me
947 1952 1091 2016 incitavit
1114 1951 1158 2015 ad
1173 1959 1282 2036 peten-

307 2066 377 2129 dum
413 2090 432 2129 a
476 2073 525 2143 te,
560 2074 595 2130 ut
630 2068 723 2130 missa
761 2068 1015 2151 jurisprudentia
1051 2075 1146 2133 totum
1182 2068 1196 2130 l
1202 2068 1283 2131 'teris

308 2202 354 2241 me
377 2181 451 2243 dare
473 2180 550 2241 mili
587 2179 700 2256 liceret,
723 2187 753 2244 et
776 2188 807 2243 tc
830 2180 905 2244 duce
928 2188 1019 2265 atque
1047 2182 1188 2265 affectare
1210 2202 1283 2266 quo·

309 2294 387 2357 tidie
422 2294 541 2377 aliquot
569 2294 659 2357 doras
690 2293 832 2356 docendis
856 2293 957 2357 lite-ris
980 2295 1159 2378 impendere.
1208 2296 1284 2359 Con·

309 2408 436 2473 cedendo
472 2408 591 2471 beatum
621 2429 667 2470 me
689 2407 864 2484 reddidisti,
887 2416 917 2472 et
940 2408 977 2471 al
1000 2431 1032 2471 eo
1056 2408 1127 2472 inde
1146 2415 1284 2493 tempore,

308 2522 391 2585 loris
414 2522 495 2585 inter
517 2520 624 2586 studia
647 2543 712 2584 mea
735 2528 765 2584 et
787 2543 897 2585 munus
920 2522 1044 2586 docendi
1078 2522 1198 2598 diuisis,
1221 2522 1284 2585 illa

297 2636 441 2720 sortasse
463 2636 657 2719 aliquantum
691 2637 749 2699 lac
770 2658 803 2699 re
833 2638 993 2701 retardata
1019 2646 1100 2716 sunt,
1122 2638 1179 2701 sed
1198 2638 1227 2702 si
1249 2638 1283 2702 in

310 2754 363 2817 loc
385 2776 445 2817 non
467 2752 625 2816 inutiliter
648 2774 767 2836 operam
799 2753 962 2819 collocasse
983 2754 1098 2833 uidear,
1127 2778 1187 2820 nou
1204 2777 1282 2839 par-

309 2891 366 2932 uae
388 2869 474 2932 illud
493 2868 570 2931 midi
592 2869 652 2932 crit
680 2871 925 2953 compensationi.
970 2869 1043 2934 Jam
1065 2893 1135 2936 uero
1158 2871 1283 2957 quantis

311 2983 435 3068 inipso
459 2984 581 3066 lepcndo
605 2990 635 3047 ct
660 2983 841 3048 elaborando
863 2985 1026 3070 specimine
1048 2986 1283 3071 difficultatibus

307 3099 501 3184 conflictatus
531 3099 598 3175 sim,
629 3105 731 3163 notum
760 3097 819 3162 tili
849 3106 902 3162 est.
949 3100 1010 3162 Bis
1042 3099 1142 3162 uariis
1163 3100 1283 3163 casibus

308 3237 328 3277 α
347 3215 506 3297 proposito
530 3214 694 3275 deterritus
717 3214 847 3275 multum
870 3213 1012 3296 temporis
1034 3220 1065 3276 et
1087 3235 1196 3296 operae
1208 3235 1282 3297 per·

310 3328 455 3405 dideram,
477 3349 567 3411 quum
584 3333 737 3410 postremo
761 3329 795 3390 in
818 3329 872 3390 loc
895 3333 1101 3409 arpumentum
1124 3328 1231 3405 incidi,
1253 3335 1283 3392 et

307 3440 329 3504 J
331 3459 506 3518 aversum,
529 3441 618 3525 cujus
639 3463 785 3527 personae
816 3442 947 3506 nondum
970 3443 1008 3507 de
1031 3443 1187 3507 industria
1217 3450 1283 3508 tra·

306 3561 413 3620 etatae
435 3561 543 3632 essent,
560 3556 852 3639 prosopoprapliam
881 3557 1010 3619 scribere
1040 3557 1195 3621 constitui.
1242 3555 1282 3623 In

309 3691 366 3754 quo
387 3691 494 3752 ponere
517 3691 608 3754 quum
631 3669 870 3734 doctissimorum
891 3671 1023 3734 uirorum
1048 3673 1283 3758 eacmplumda·

308 3784 412 3861 berem,
435 3786 537 3847 eadem
559 3806 607 3848 res
637 3785 733 3848 simul
765 3807 861 3848 meum
884 3787 1017 3849 animum
1040 3787 1083 3850 ad
1104 3786 1284 3872 sequendum

309 3899 430 3976 allocut,
452 3899 546 3962 simul
567 3898 716 3964 conscium
739 3901 851 3965 uirium
873 3922 1006 3964 mearum
1037 3900 1201 3966 tenuitatis
1222 3901 1285 3965 sol·

308 4014 428 4079 licitum
450 4038 496 4077 mc
519 4016 633 4078 doluit.
659 4015 839 4080 Audendum
874 4023 974 4079 tamen
985 4016 1061 4100 suit
1079 4023 1117 4092 ct,
1140 4021 1285 4080 cunctan-

308 4135 355 4192 ter
385 4130 530 4214 quamuis,
553 4152 628 4213 opus
665 4153 824 4214 apprcssus
848 4151 923 4206 sum,
945 4131 1035 4214 cujus
1057 4131 1204 4216 conjectio
1226 4129 1286 4194 etsi

309 4267 368 4309 nou
395 4267 507 4330 parum
538 4247 649 4311 laboris
678 4247 816 4330 eaipclat
847 4249 1023 4332 copelatqnc
1057 4247 1156 4310 multa
1189 4244 1285 4326 lepore

309 4367 401 4445 atque
423 4361 615 4445 inaestuare,
630 4361 773 4445 jucunda
795 4363 873 4425 mili
883 4361 959 4446 suit
982 4367 1012 4425 et
1030 4359 1187 4445 perutilis.
1215 4357 1284 4421 Uo·-

314 4496 384 4538 nam
419 4476 494 4539 aliis
529 4497 641 4560 quoquc
663 4498 722 4540 nou
746 4477 864 4541 omnino
887 4477 1010 4559 inprata
1032 4475 1075 4538 sit
1098 4481 1128 4538 ct
1150 4473 1285 4558 alipium
