3200 5525
760 726 801 788 a?

295 911 338 976 ait
368 911 404 975 ia
439 911 574 974 insulam
611 909 794 985 Sardiniam,
825 930 902 991 quae
922 908 1082 973 verborum
1106 900 1268 989 explicatio

294 1022 386 1089 nimis
418 1027 527 1110 arguta
561 1044 626 1088 esse
646 1020 721 1086 mihi
741 1020 872 1101 videtur,
896 1044 1077 1108 quamquam
1095 1020 1132 1084 de
1151 1039 1184 1081 re
1203 1016 1270 1101 ipsa

294 1138 510 1206 Hnnuuomo
546 1137 712 1217 assentior3
747 1138 780 1202 in
814 1138 934 1203 Tuom
959 1138 1039 1202 enim
1063 1134 1177 1199 Aaaal.
1200 1128 1272 1195 Lib.

295 1252 388 1331 XVI,
423 1275 487 1339 cap.
510 1254 570 1330 IX,
605 1275 694 1337 quem
718 1250 820 1317 locum
840 1252 878 1316 ad
898 1251 1072 1338 opinionem
1092 1270 1176 1313 suam
1200 1266 1270 1332 pro·

295 1366 426 1433 bandam
462 1369 588 1448 confert,
610 1367 741 1455 legimus
761 1367 914 1432 (inss1uu
936 1367 1126 1433 Louomuu
1144 1363 1178 1427 in
1198 1360 1270 1424 Sar-

295 1482 411 1547 diniam
438 1482 631 1570 deportatum
668 1505 742 1551 esse.
791 1483 949 1549 Runnum
973 1485 1074 1545 autem
1095 1478 1271 1563 conjectura

295 1596 431 1681 benaici
446 1619 509 1661 non
533 1596 703 1662 necessaria
723 1600 778 1674 est,
802 1596 828 1660 si
852 1596 1025 1679 Lonqiaam
1047 1592 1161 1657 clausit
1174 1586 1271 1673 expli·

295 1731 399 1775 camus
432 1711 569 1796 benaici
604 1713 694 1777 aedes
716 1712 840 1788 clausit,
864 1732 941 1793 quae
963 1704 1174 1792 interpretatio
1199 1723 1270 1765 oon·

295 1822 408 1887 bimari
427 1823 550 1889 videtur
574 1826 641 1890 loco
661 1824 842 1911 Vergiliano
862 1847 901 1889 cx
916 1822 1037 1888 amad
1054 1818 1139 1885 Libr.
1163 1816 1208 1892 H,
1227 1836 1270 1879 vs.

298 1937 361 2000 811
389 1959 431 2022 sq.

376 2162 538 2179 ......
555 2121 620 2196 jam
638 2136 797 2198 proxumus
819 2119 904 2180 ardet

375 2226 526 2299 Ucalegon
548 2229 602 2283 oet.

342 2392 533 2461 Juvnuims
558 2396 655 2483 igitur
690 2396 710 2461 l.
734 2396 754 2460 l.
779 2396 816 2460 de
848 2397 979 2461 Sannoi
1003 2397 1034 2457 et
1059 2392 1095 2456 de
1115 2392 1272 2455 Loucuuo

295 2508 377 2573 idem
394 2508 456 2574 fere
477 2510 564 2589 dicit,
586 2532 689 2575 eornm
713 2510 801 2576 aedes
825 2535 843 2575 a
863 2509 1041 2575 custodibus
1064 2528 1129 2571 esse
1142 2504 1272 2569 circum·

297 2620 392 2701 datas,
415 2623 467 2709 qui
491 2646 542 2689 eos
567 2626 697 2712 effugere
717 2626 798 2712 passi
815 2648 877 2690 non
901 2628 982 2690 suut.

342 2736 502 2801 Snunoau
522 2739 590 2822 jure
609 2741 815 2824 praedivitem
835 2764 852 2804 a
871 2739 1050 2804 Juvaumn
1063 2731 1273 2823 appellariali-

278 2867 384 2915 'orum
403 2853 585 2938 scriptorum
609 2854 794 2919 testimoniis
805 2856 1009 2919 confirmatur.
1028 2852 1179 2940 'liegimus
1191 2849 1272 2914 enim

296 2965 377 3052 apud
401 2966 558 3031 Ticinum
579 2969 693 3033 danai.
716 2969 801 3034 Libr.
814 2969 911 3045 XIII,
924 2990 987 3054 cap.
999 2967 1098 3032 XLII
1109 2966 1272 3029 Punmuu

297 3080 472 3146 Summum
489 3082 584 3146 multa
604 3082 637 3146 in
657 3083 817 3150 Senonum
840 3083 1002 3147 maledicta
1020 3080 1160 3155 edidisse,
1182 3082 1273 3160 atque

209 3275 213 3281 Ι
295 3193 330 3258 in
346 3194 414 3258 aliis
434 3194 503 3259 illa:
528 3218 608 3281 aqua
628 3196 785 3284 sapientia,
804 3197 914 3282 quibus
925 3195 1271 3283 philosophorumprae·

298 3309 415 3394 aceptis
435 3308 518 3373 intra
542 3310 775 3394 quadriennium
798 3310 899 3398 regiae
924 3309 1084 3387 amicitiae,
1106 3312 1154 3371 ter
1175 3305 1272 3369 milies

297 3423 490 3488 asestertium
503 3425 669 3510 paravisset
678 3425 715 3491 P''
729 3426 851 3498 Quibus
863 3425 1051 3491 sermonibus
1063 3424 1101 3487 ad
1114 3423 1272 3487 Suuuonu

297 3536 415 3617 delatis,
438 3540 503 3624 ejus
527 3562 616 3625 opera
633 3540 762 3605 maxime
785 3541 961 3606 Summum
984 3562 1068 3604 reum
1091 3539 1206 3602 factum
1228 3535 1273 3599 ci-

296 3650 390 3716 vitate
418 3653 539 3739 pulsum
559 3676 632 3719 esse.
678 3654 754 3719 Post
773 3660 900 3719 mortem
923 3653 1037 3718 Bunu1
1052 3654 1184 3716 Sannoi
1207 3651 1273 3714 mi-.

296 3787 369 3830 nore
390 3768 470 3853 apud
493 3769 664 3834 Nnnounu
682 3771 782 3856 coepit
793 3793 858 3834 esse
870 3768 1061 3846 auctoritate,
1071 3789 1161 3852 quam
1173 3766 1271 3829 fuerat

297 3885 395 3960 antea,
418 3887 508 3968 atque
531 3884 631 3962 etiam,
654 3889 690 3948 ut
712 3885 842 3972 legimus
863 3884 943 3971 apud
955 3880 1272 3948 Tn01n.Aaaal.Lib.

297 3992 370 4072 XV,
388 4017 451 4083 cap.
479 3997 553 4076 LII,
586 4000 727 4064 nonnulli
764 3998 943 4064 criminibus
973 4021 1042 4063 eum
1073 3995 1185 4061 adoriri
1206 3995 1272 4060 ausi

299 4113 384 4173 sunt:
399 4114 571 4196 istamquam
580 4114 720 4200 ingentes
731 4119 762 4178 et
773 4114 925 4201 privatum
935 4114 1056 4179 modum
1069 4117 1188 4178 evectas
1199 4133 1272 4198 opes

298 4225 419 4290 nadhnc
450 4233 582 4315 augeret,
610 4229 750 4314 quodque
767 4230 869 4295 studia
884 4231 998 4295 civium
1017 4231 1050 4295 in
1075 4252 1106 4295 se
1133 4234 1273 4307 verteret,

299 4339 477 4406 abortorum
501 4364 620 4428 quoque
641 4346 822 4411 amoenitate
842 4351 873 4411 et
892 4347 1034 4413 villarum
1047 4343 1273 4433 magnificentia

299 4456 404 4540 aquasi
433 4457 601 4545 prinoipem
638 4461 934 4550 supergrederetur.”
981 4463 1112 4526 Suanos
1143 4479 1215 4523 vero
1239 4478 1271 4521 se
