3200 5525
791 708 808 769 7

310 894 430 971 enatus,
461 890 514 956 sed
545 912 584 955 ex
604 887 729 953 Horatii
752 892 784 954 et
805 886 937 977 Vergilii
958 892 990 953 et
1008 866 1128 953 Lucani
1153 888 1287 977 sacrario

311 1006 467 1092 aprolatns
491 1009 566 1070 cet.”
590 1003 740 1071 Tsorrus
759 1004 875 1068 Annei.
897 1002 981 1068 XVI
1000 1024 1064 1090 cap.
1091 1005 1132 1068 17
1151 1002 1286 1089 depatre

308 1119 373 1204 ejus
393 1118 495 1182 Mnus
520 1116 613 1183 dicit:
640 1116 746 1181 aIdem
770 1118 931 1182 Annaeum
956 1117 1117 1181 Lucanum
1129 1121 1287 1204 genuerat,

309 1232 444 1319 agrando
479 1232 686 1317 adjumentum
723 1228 918 1295 claritudinis
938 1229 1018 1295 cct.''
1065 1231 1127 1296 Sed
1146 1231 1284 1316 quamvis

308 1346 388 1411 inter
422 1346 518 1411 bonos
551 1350 655 1432 poetes
674 1344 783 1410 merito
799 1348 1002 1423 recenseatur,
1023 1344 1158 1430 ejusdcm
1182 1350 1284 1411 temen

306 1481 324 1523 a
355 1460 526 1525 Snnrorsro
554 1459 727 1545 arrogantia
759 1459 805 1523 ita
836 1459 1046 1546 vituperatur:
1071 1456 1156 1530 aQni
1180 1462 1285 1525 tantae

308 1571 462 1638 'devitatis
486 1578 598 1638 ettam
617 1573 831 1639 immoderatae
849 1573 974 1662 linguae
992 1574 1063 1653 fuit,
1085 1578 1121 1639 nt
1143 1575 1178 1639 in
1197 1594 1284 1661 prae·

307 1690 441 1754 mistione
475 1689 605 1775 quadam
641 1693 770 1754 aetatem
802 1694 834 1755 et
856 1687 949 1754 initia
973 1712 1028 1755 sna
1049 1711 1120 1754 curn
1143 1689 1283 1777 Vergilio

307 1825 493 1891 comparans,
523 1826 615 1868 ausus
651 1803 692 1867 sit
723 1803 840 1869 dicere:
869 1811 900 1869 ct
922 1811 1067 1889 quantum
1088 1804 1166 1868 mitt
1187 1811 1284 1871 restat

307 1922 351 1984 cd
371 1918 542 1985 esttecum
566 1918 742 2006 intelligens
762 1918 845 1984 heud
868 1920 1000 1985 multum
1024 1916 1127 1983 abesse
1146 1918 1284 2003 quinae·

306 2057 365 2119 que
397 2034 476 2099 bona
508 2034 642 2099 carmina
663 2038 856 2121 componeret
879 2056 915 2099 ao
939 2033 1141 2110 Verentur,
1166 2033 1284 2099 Calicis

306 2154 420 2214 auctor.
444 2147 559 2216 Melius
582 2153 684 2213 tamen
697 2148 828 2234 scriptor
846 2148 900 2213 ille
919 2148 1055 2215 Lucsnl
1078 2146 1283 2235 arrogantiam

307 2261 471 2350 probasset,
506 2263 532 2327 si
562 2261 645 2328 verbi
671 2285 762 2327 eausa
781 2262 922 2327 dixisset:
946 2262 1129 2349 quantulam
1144 2262 1283 2327 distent
1379 2247 1386 2267 ²

306 2377 447 2454 Aeneida,
469 2398 564 2461 quum
591 2378 688 2442 &elec
706 2397 769 2441 non
792 2376 873 2441 inter
896 2377 1012 2462 optima
1031 2375 1196 2441 Veserm
1214 2397 1281 2441 oar·

306 2489 388 2554 mine
407 2489 611 2554 recensendus
630 2489 681 2570 sit,
701 2489 747 2553 ita
769 2493 806 2554 ut
825 2489 916 2555 verba
938 2489 1062 2554 laudata
1081 2489 1282 2576 modestapo·

304 2603 369 2669 tius
391 2626 481 2690 quam
506 2604 681 2691 arrogantia
703 2608 828 2690 possent
850 2604 956 2669 videri.

351 2718 495 2786 Carmina
514 2723 616 2784 antem
631 2718 770 2786 Lucrru
789 2722 947 2785 enmnerat
966 2720 1112 2787 Srsrrus
1125 2719 1280 2785 Silvarum

305 2830 375 2896 libr.
396 2832 442 2911 Π,
464 2831 533 2896 VH
552 2855 596 2896 vs.
610 2836 654 2897 54
678 2854 751 2919 sqq,
774 2831 855 2916 unde
878 2832 1025 2898 discimus
1047 2855 1117 2898 eum
1136 2833 1281 2918 juvenem

304 2946 461 3034 scripsisse
484 2968 614 3026 carmen,
636 2968 697 3036 qno
714 2951 824 3034 agatur
831 2946 869 3012 de
880 2946 1054 3015 Hnoronrs
1073 2953 1104 3012 et
1115 2949 1280 3016 Acnrnnle

303 3060 467 3126 certamine
487 3060 583 3150 deque
601 3062 712 3127 itinere
742 3061 873 3127 Pnrrsu
896 3061 934 3126 ad
953 3063 1142 3139 dominns,
1164 3067 1200 3128 nt
1224 3061 1282 3128 lilii

303 3197 414 3262 corpus
434 3174 472 3241 ab
491 3175 579 3242 hoste
600 3177 770 3243 redimeret.
792 3175 914 3242 Deinde
937 3176 1087 3263 Orpheum
1101 3176 1280 3263 composuit,

301 3291 415 3378 populo
438 3291 600 3357 admodum
624 3298 783 3379 acceptum
807 3292 867 3380 (l),
889 3291 1074 3381 scripsitque
1093 3289 1279 3358 deincends‘o

300 3406 392 3471 urbis.
428 3404 477 3472 De
501 3405 616 3493 optimo
639 3405 860 3495 notissimoque
886 3406 952 3492 ejus
976 3406 1110 3472 carmine
1132 3405 1178 3470 sic
1200 3405 1279 3493 legi·

300 3541 369 3585 mus
391 3519 473 3606 apud
496 3521 654 3586 Srsurusr
673 3543 717 3587 vs.
741 3523 785 3585 64
810 3541 874 3608 sqq.

383 3670 454 3730 Mox
467 3675 574 3748 coepta
591 3668 761 3745 generosior
775 3668 905 3746 juventa

380 3771 466 3833 albos
487 3771 605 3832 ossibus
625 3771 713 3834 Italis
734 3771 892 3850 Philippos

383 3877 415 3936 et
427 3873 603 3935 Pharsalica
622 3872 703 3935 bella
719 3872 885 3935 detonabis.

268 4042 270 4047 ·
345 4016 490 4083 Srsrrus
514 4017 549 4084 in
569 4018 703 4085 carmine
723 4040 779 4084 suo
803 4017 944 4083 maximis
956 4016 1098 4083 laudibus
1109 4038 1179 4083 eum
1190 4015 1278 4084 effert

296 4147 468 4159 m

332 4194 376 4264 (1)
396 4196 428 4247 Da
443 4195 602 4246 hoccarmine
620 4193 810 4257 legimusinvita
821 4193 906 4242 Lucani
921 4191 982 4258 apud
1001 4191 1277 4257 llrrrrarscssronspass.

296 4284 342 4336 Pl:
359 4287 455 4352 »qnippe
468 4291 493 4336 ct
510 4284 639 4336 certamine
655 4285 813 4348 pontrererico
830 4291 883 4332 acro
902 4283 927 4332 in
946 4281 1041 4347 Pompei
1058 4284 1149 4333 theatro
1170 4283 1279 4333 lendibus

293 4377 408 4428 nrecltatis
423 4375 574 4428 inNeronem
591 4375 666 4424 inerat
685 4381 817 4431 coronatus.
833 4382 858 4424 at
874 4381 1009 4438 extemporc
1025 4373 1116 4438 Orpheo
1130 4373 1244 4438 scripturn
1254 4374 1279 4424 is

293 4467 496 4533 »experimentum
517 4463 637 4515 adversum
653 4464 785 4529 complures
800 4463 905 4513 ediderat
922 4469 1003 4527 poetas
1019 4470 1083 4512 αι’·
