3200 5525
791 747 812 805 4

316 926 398 1011 poesi
434 946 555 1011 operam
585 926 664 1002 dare,
700 926 752 990 scd
788 948 933 1012 pauperes
963 927 1127 1013 inopesque
1152 929 1289 1013 egregios

315 1044 399 1105 vates
415 1062 479 1105 esse
498 1054 693 1126 nequaquam*
704 1063 791 1126 posse
813 1040 898 1119 dicit,
909 1040 990 1126 quod
1004 1041 1112 1106 deinde
1125 1043 1290 1106 multorum

315 1155 807 1242 exemp10‚1eurnnmnmnm‚
831 1156 957 1233 Surum,
980 1157 1141 1234 Sannum,
1164 1157 1291 1220 aliorum

315 1270 459 1348 ostendit,
492 1270 602 1355 quibus
638 1269 765 1355 opponit
796 1269 984 1334 Horrrrruu
1019 1275 1050 1334 et
1085 1270 1292 1349 Vnncmruu,

315 1385 368 1469 qui
404 1385 598 1450 celeberrima
633 1406 687 1448 sua
719 1385 854 1449 carmina
873 1406 935 1449 non
960 1386 1210 1471 composuissent,
1232 1385 1292 1450 nisi

317 1500 399 1564 curis
429 1500 517 1565 vacui
549 1498 688 1563 fuissent.
736 1498 874 1563 Gloriam
910 1499 1033 1583 quidem
1058 1505 1295 1585 consequuntur,

314 1614 367 1693 ait,
389 1614 504 1701 egregii
529 1616 642 1699 poetae,
665 1613 866 1691 ursimus,
889 1614 942 1678 sed
960 1618 1061 1678 tamen
1074 1614 1222 1694 esuriunt,
1232 1614 1293 1679 nisi

314 1727 515 1794 histrionibus
547 1727 681 1791 carmina
708 1749 763 1792 sua
783 1727 926 1792 vendant.
974 1728 1017 1793 Hi
1039 1729 1120 1794 enim
1152 1729 1210 1793 soli
1233 1730 1295 1794 fere

313 1846 469 1931 poetarum
505 1842 639 1907 fautores
663 1846 744 1919 suni,
766 1865 830 1907 non
850 1848 886 1908 nt
910 1844 984 1909 olim
1010 1844 1140 1923 divites3
1163 1866 1292 1931 parvum

313 1963 415 2024 tamen
447 1958 566 2023 luorum
601 1957 674 2022 inde
706 1957 833 2043 capiunt
867 1958 927 2044 ipsi
953 1965 1068 2045 poetae
1090 1960 1135 2025 ita
1154 1965 1190 2024 ut
1213 1965 1294 2024 recto

313 2072 418 2138 addat:

360 2188 454 2252 Haud
479 2192 581 2252 tamen
609 2186 747 2251 invideas
777 2187 851 2263 vati,
884 2209 972 2271 quem
1010 2189 1128 2274 pulpita
1153 2194 1292 2274 pascunt.

314 2303 402 2366 Talia
435 2302 532 2390 igitur
558 2301 699 2366 universe
731 2299 922 2365 Ju'vrurrrs
951 2306 1098 2366 memorat
1122 2302 1159 2368 de
1183 2303 1292 2367 misera

313 2422 384 2483 ante
419 2417 610 2483 anrurruu
641 2420 799 2504 poetarum
832 2415 1024 2481 conditione:
1055 2418 1117 2501 jam
1148 2442 1218 2485 vero
1253 2418 1292 2481 ad

312 2532 450 2620 singulos
474 2532 508 2597 in
521 2531 636 2596 Satiris
655 2529 829 2594 nominatos
842 2536 946 2616 poetas
958 2533 1155 2610 transeamus,
1163 2533 1293 2612 omissis,

311 2651 347 2712 nt
369 2669 424 2733 par
448 2650 503 2726 est,
525 2666 602 2731 quos
618 2644 813 2732 comparandi
837 2648 957 2708 tanturn
977 2667 1068 2709 causa
1080 2647 1197 2711 confert
1209 2648 1291 2734 prio-

310 2760 354 2827 ris
389 2759 498 2825 aetatis
517 2762 631 2848 poetas,
654 2758 840 2837 Iruornruu,
863 2757 1061 2838 Hortamur,
1085 2758 1291 2828 Vnaouuuu.

356 2877 460 2962 Atque
484 2874 562 2940 aM.
577 2876 722 2940 Auerno
745 2873 888 2939 Lucano
910 2873 1032 2958 quidem
1052 2879 1084 2940 et
1102 2875 1137 2940 P.
1149 2877 1293 2942 Purrruo

311 2989 435 3055 Scauro
459 2988 622 3067 ordiamur,
644 3009 773 3074 quorum
795 2987 874 3054 ulter
894 2987 1012 3053 divitiis
1023 2987 1206 3068 abundabat,
1217 2990 1293 3054 alter

309 3102 343 3168 in
366 3125 484 3171 summa
503 3107 638 3192 egestate
661 3101 790 3168 vivebat

356 3216 406 3282 De
425 3218 481 3282 illo
502 3216 632 3304 legimus
651 3215 716 3279 Sat.
736 3213 805 3277 VII
828 3234 871 3278 vs.
894 3218 945 3278 79.

394 3397 559 3457 Contentus
580 3393 660 3454 fama
672 3393 776 3470 jaceat
792 3391 935 3454 Lucanus
955 3394 986 3454 in
1007 3395 1101 3456 hortis

391 3496 577 3558 marmoreis:
600 3499 633 3557 at
649 3493 778 3554 Serrano
799 3497 941 3573 tenuique
959 3495 1060 3558 Saleio

389 3599 485 3676 gloria
506 3595 693 3676 quantalibet
713 3595 786 3674 quid
808 3598 876 3677 erit,
902 3600 929 3659 si
951 3599 1048 3674 gloria
1066 3607 1182 3662 tanturn
1204 3603 1275 3662 est?

354 3773 455 3847 Quem
487 3772 545 3838 etsi
575 3771 674 3840 obiter
697 3777 819 3838 tantum
844 3773 956 3861 tangit,
978 3774 1089 3839 famam
1109 3775 1291 3860 divitiasque

309 3888 374 3975 ejus
393 3887 531 3964 laudans,
552 3909 613 3972 quo
637 3887 735 3974 magis
758 3887 876 3952 eluceat
898 3887 1008 3953 misera
1031 3889 1168 3954 conditio
1187 3894 1291 3977 potta-

307 4026 385 4085 mm,
420 4004 459 4070 de
490 4001 602 4089 quibus
634 4002 744 4068 deinde
777 4003 851 4090 agit,
873 4002 979 4090 paucis
1001 4008 1105 4069 tamen
1124 4005 1163 4070 de
1186 4029 1222 4070 eo
1237 4005 1290 4074 hta

308 4115 520 4205 exponendmn
543 4120 628 4201 puto,
658 4137 840 4200 quamquam
860 4121 1015 4182 auctorem
1035 4118 1289 4184 Pharaonem

307 4253 369 4296 non
401 4229 492 4294 focile
527 4229 668 4315 cuiquam
699 4229 842 4316 ignotum
869 4230 933 4294 sore
965 4230 1115 4296 existimo.
1162 4233 1201 4295 In
1225 4233 1289 4296 vita

301 4322 405 4433 igitur
434 4344 579 4422 Lucam,
613 4365 704 4430 quam
725 4341 850 4429 scripsit
869 4344 1060 4411 Surrorrrus
1085 4346 1133 4430 (l)
1158 4342 1288 4430 legimus

311 4509 314 4514 '
343 4503 385 4570 (1)
404 4502 455 4554 vid.
472 4502 700 4552 titrurrascnrm:
721 4503 746 4553 G.
774 4503 877 4552 Santonis·
908 4503 1035 4568 Tranquittr'
1058 4507 1150 4565 morter
1171 4501 1291 4552 Grermm
