3200 5525
762 715 827 777 157

320 900 351 961 et
366 896 493 961 feminae
514 894 688 960 ambitiosae
708 916 764 959 nec
780 894 881 959 minus
892 893 1080 973 libidinosae,
1092 896 1291 964 Massurius

321 1015 352 1076 et
387 1011 586 1087 Ars-sorno,
609 1012 704 1073 totam
733 1008 888 1074 civitatem
908 1008 1168 1090 administrarant,
1190 1012 1234 1077 ita
1258 1018 1293 1078 ut

319 1124 475 1189 verissima
495 1125 557 1187 sint
577 1124 739 1187 Suanorum
761 1123 853 1188 verba
864 1146 880 1187 e
891 1124 959 1188 uita
973 1124 1099 1188 Claudii
1111 1147 1174 1211 cap:
1186 1126 1292 1191 XXV:

321 1238 402 1301 nSed
422 1241 452 1302 et
474 1236 549 1301 haec
569 1240 600 1301 et
620 1242 726 1314 cetera,
748 1240 907 1321 totumque
927 1237 1002 1301 adeo
1025 1260 1061 1301 ex
1081 1244 1167 1323 parte
1183 1262 1292 1327 magna

321 1351 554 1438 aprincipatum,
589 1355 817 1430 montumano,
840 1374 930 1437 quam
947 1374 1075 1416 uxorum
1099 1353 1292 1419 libertorum·

319 1487 397 1550 nque
417 1467 542 1531 arbitrio
559 1466 792 1531 administravit:
814 1468 886 1531 talis
906 1467 1018 1551 ubique
1030 1468 1207 1554 plerumque
1218 1492 1292 1554 qua-

321 1579 399 1644 ulem
424 1603 491 1647 esse
514 1604 583 1645 eum
608 1586 661 1646 aut
681 1582 837 1668 expediret
855 1582 928 1659 illis,
951 1586 1004 1645 aut
1026 1582 1161 1647 liberet?
1206 1584 1292 1649 Idem

321 1694 382 1759 fere
399 1695 444 1759 sic
460 1696 586 1782 exponit
610 1696 816 1763 Juvnaanls
839 1696 903 1759 Sat.
925 1695 1017 1773 XIV,
1039 1718 1083 1761 vs.
1108 1700 1174 1762 329
1195 1720 1258 1783 sqq:

397 1900 464 1959 Nec
483 1897 586 1959 (tmesi
603 1898 722 1959 fortuna
742 1915 873 1974 unquam
894 1916 948 1959 nec
968 1899 1090 1961 Persica
1110 1918 1203 1977 regna

400 2002 572 2062 sufficerent
593 2002 691 2061 animo
711 2018 766 2061 nec
786 2001 911 2062 divitiae
932 2004 1076 2081 Narcissi,

396 2106 520 2167 indulsit
540 2105 651 2165 Caesar
671 2105 719 2165 cui
736 2104 880 2164 Claudius
900 2107 1007 2185 omnia,
1028 2109 1113 2185 cujus

398 2211 497 2288 paruit
515 2209 648 2288 imperiis
666 2228 787 2270 uxorem
808 2209 942 2271 occidere
957 2211 1072 2289 jussus.

363 2382 489 2448 Crudeli
509 2404 628 2470 quoque
648 2382 792 2447 Naaorm
813 2394 844 2447 et
868 2405 956 2448 saevo
973 2382 1171 2450 Donrumuo
1195 2387 1291 2474 impe-

316 2498 454 2564 rantibus
475 2520 586 2584 magna
610 2496 792 2561 auctoritate
816 2496 981 2561 utebantur
1005 2497 1116 2576 liberti,
1127 2500 1292 2587 multisque

314 2614 389 2679 viris
419 2613 556 2678 honestis
580 2612 767 2677 calamitates
787 2617 953 2677 mortemve
975 2613 1154 2693 attuleruut,
1177 2621 1208 2681 et
1231 2618 1291 2682 im·

314 2731 467 2814 peratores
505 2726 543 2791 ad
576 2725 699 2811 quaevis
724 2725 838 2791 scelera
858 2730 912 2790 aut
933 2726 1050 2814 flagitia
1074 2729 1291 2798 committenda

312 2843 490 2908 incitarunt.
514 2841 574 2906 Sed
594 2840 770 2926 priusquam
791 2840 829 2904 de
853 2840 984 2927 singulis
1005 2865 1138 2930 agamua
1160 2867 1290 2930 quorum
1319 2827 1322 2831 ¹

311 2957 436 3022 nomina
455 2957 489 3021 in
505 2955 615 3020 Satiris
639 2955 795 3042 leguntur,
817 2977 914 3040 pauca
934 2956 1073 3022 universe
1095 2958 1231 3024 dicamus
1251 2962 1289 3026 de

312 3071 489 3138 conditione
516 3075 547 3135 et
566 3071 704 3157 potentia
723 3068 935 3134 libertinorum
956 3070 1013 3134 sub
1036 3072 1142 3157 primis
1161 3073 1291 3160 impera-

309 3187 439 3255 toribus.
487 3188 660 3252 Auousuo
692 3187 793 3249 autem
809 3183 976 3269 imperante
996 3208 1099 3250 eorum
1124 3189 1290 3254 auctorita-

312 3305 384 3380 tem,
417 3301 500 3388 quod
521 3321 677 3387 coeperam
699 3298 807 3376 dicere,
830 3320 892 3362 non
916 3299 1040 3364 nimiam
1067 3301 1170 3381 fuisse,
1192 3325 1290 3389 neque

309 3417 365 3482 illo
384 3416 522 3503 principe
545 3421 608 3480 tum
631 3413 824 3478 familiariter
847 3435 898 3478 eos
922 3437 995 3480 usos
1018 3438 1092 3496 esse,
1115 3440 1205 3502 quam
1217 3442 1288 3507 pos-

308 3537 358 3596 tea
392 3533 506 3594 factum
542 3521 596 3604 est,
639 3527 853 3592 historicorum
893 3530 1077 3596 testimoniis
1112 3534 1186 3598 satis
1217 3557 1288 3622 pro·

309 3645 408 3711 batur.
440 3643 586 3730 Legimus
609 3640 690 3705 enim
715 3642 796 3726 apud
820 3641 1020 3706 Sunrourun
1052 3646 1086 3709 in
1120 3648 1188 3711 citu
1221 3653 1288 3712 Au-

306 3763 392 3846 9acta‘
420 3783 483 3846 cap.
515 3756 673 3823 LXXIV:
708 3755 903 3819 nvrmsms
924 3755 1084 3821 Massurii
1107 3760 1211 3839 tradit,
1233 3785 1287 3827 ne-

309 3875 442 3940 nminem
466 3895 598 3957 uuquam
623 3868 836 3936 libertinorum
860 3868 1030 3934 adhibitum
1051 3871 1089 3936 ab
1112 3895 1147 3936 eo
1168 3896 1288 3979 coenae,

309 3995 455 4075 uexcepto
476 3989 589 4058 Murra,
612 3986 664 4051 sed
688 3985 808 4049 adserto
832 3983 866 4046 in
889 3983 1119 4070 ingenuitatem,
1133 3993 1286 4075 postpro·

309 4105 424 4169 aditam
460 4104 535 4167 Sua.
566 4100 711 4166 Pousnrr
742 4097 900 4161 classem.''
949 4099 1018 4163 Nec
1040 4105 1142 4165 tamen
1161 4102 1286 4169 libertos

307 4240 377 4284 snos
414 4215 581 4302 despicatui
613 4213 753 4278 habuisse
780 4214 971 4277 Anausaun
995 4213 1075 4279 idem
1095 4216 1285 4285 Suaroarus

307 4337 435 4400 affirmat
456 4355 520 4420 cap.
543 4330 673 4396 LXVII
693 4327 752 4394 hoc
776 4329 875 4392 modo:
901 4329 1285 4419 nPatronusdominnsque

308 4473 390 4516 ernon
421 4450 523 4515 miuus
560 4467 691 4524 severus,
722 4466 812 4529 quam
832 4443 932 4509 facilis
952 4450 983 4510 et
1007 4446 1147 4526 clemens,
1170 4450 1283 4516 multos
