3200 5525
740 754 803 821 137

291 934 423 1004 divitior
457 939 572 1022 Crispo,
600 938 638 1000 ad
661 943 800 1003 nostrum
825 940 964 1006 Vinum
990 938 1153 1007 Celerum
1178 959 1264 1026 speo-

290 1058 356 1117 tare
390 1055 499 1137 potest.
545 1050 685 1116 Dubium
708 1075 780 1118 vero
804 1059 859 1130 est,
882 1056 977 1119 auin
1000 1055 1129 1120 eundem
1154 1076 1264 1119 oonve·

292 1168 379 1233 uiant
402 1190 479 1255 quae
503 1167 631 1254 legimus
655 1167 738 1233 Libr.
763 1168 803 1246 V,
826 1192 874 1255 ep.
898 1170 1047 1234 XXXII:

373 1346 575 1421 Quadrantem
597 1347 728 1426 Crispus,
748 1348 868 1429 tabulis,
889 1350 1043 1429 Faustine,
1064 1350 1209 1429 supremis

374 1468 432 1510 non
454 1449 538 1511 dedit
559 1450 652 1510 uxori.
696 1450 769 1526 ,Oui
790 1451 873 1515 dedit
891 1452 1010 1528 ergo?’'
1032 1452 1106 1513 Sibi.

339 1628 419 1691 Item
444 1624 598 1692 CRISPUS
622 1626 745 1712 quidam
769 1649 877 1693 avarus
906 1631 1031 1692 notatur
1054 1626 1139 1691 Libr.
1162 1626 1204 1704 X,
1222 1647 1268 1710 ep.

294 1739 386 1820 XIV,
411 1762 505 1825 quum
529 1738 612 1803 Libr.
637 1738 678 1817 X,
702 1762 747 1825 ep.
771 1741 807 1803 H
832 1744 862 1803 et
874 1740 958 1805 Libr.
971 1740 1050 1818 XII,
1061 1762 1106 1826 ep.
1119 1737 1269 1804 XXXVI

296 1853 333 1920 de
356 1854 541 1919 anteriorum
565 1857 734 1939 temporum
760 1851 905 1921 (larsem
930 1858 1049 1939 agatur.

342 1968 391 2032 De
422 1967 518 2030 V1n11
546 1966 661 2029 Onrsrr
689 1965 753 2030 vita
776 1966 952 2049 ceteroquin
975 1988 1038 2029 non
1058 1970 1187 2043 constat,
1208 1966 1270 2031 nisi

296 2083 374 2145 forte
393 2082 473 2145 idem
497 2080 661 2166 proconsul
684 2081 806 2145 Africae
827 2080 977 2144 aPrnnro
990 2086 1172 2145 memoratur
1184 2081 1271 2145 Hirr.

297 2197 377 2261 Nat.
406 2196 490 2260 Libr.
526 2195 609 2259 XIX
636 2218 659 2259 s.
683 2199 710 2259 l.
758 2195 991 2259 Horunronrus
1015 2195 1144 2281 denique
1164 2196 1198 2259 in
1217 2218 1272 2260 sua

297 2310 487 2375 Iuvauarns
507 2310 640 2373 editione
660 2310 785 2373 adnotat
809 2333 877 2373 eum
889 2312 1000 2374 iterum
1013 2310 1167 2374 consulem
1178 2310 1272 2374 fuisse

294 2425 357 2509 jam
381 2424 418 2487 A.
438 2423 477 2486 U.
496 2427 562 2487 794
577 2423 616 2507 (p.
628 2422 700 2486 Chr.
713 2426 769 2509 41)
784 2423 881 2509 primo
892 2423 1010 2509 imperii
1024 2446 1104 2487 anno
1116 2424 1275 2500 Oriaunn,

297 2560 359 2602 non
383 2538 487 2601 addito
507 2540 608 2601 tamen
631 2538 715 2602 sonte
738 2538 819 2602 unde
842 2538 900 2601 hoo
919 2537 1062 2602 hauserit.

345 2746 518 2810 Multorum
538 2748 691 2830 praeterea
709 2745 743 2809 in
754 2745 864 2810 Satiris
889 2746 1022 2812 virorum
1038 2745 1152 2812 mentio
1163 2746 1208 2823 fit,
1219 2746 1273 2830 qui

300 2864 357 2930 sub
380 2863 580 2927 Dourumuo
603 2861 744 2940 vixerint,
767 2883 894 2946 quorum
914 2863 1050 2948 plerique
1063 2862 1186 2928 serviles
1198 2861 1273 2925 adu-

300 2980 411 3044 latores
435 2983 465 3042 et
486 2977 561 3040 viles
586 2975 733 3040 delatores
757 2981 867 3053 essent,
877 2978 1018 3041 nonnulli
1032 2978 1122 3041 etiam
1146 2976 1274 3040 obscuro

299 3093 367 3159 loeo
399 3094 474 3170 nati,
509 3091 561 3156 sed
596 3089 681 3156 vitiis
709 3095 740 3154 et
775 3091 949 3156 adulatione
972 3091 1119 3178 principis
1142 3092 1274 3158 favorem

302 3208 412 3294 adepti,
436 3207 472 3270 de
496 3206 607 3290 quibus
626 3207 690 3291 jam
715 3206 845 3293 singulis
869 3207 1032 3272 videamus.

345 3404 487 3467 Aonius
509 3402 667 3513 inducitur
690 3403 753 3466 Sat.
776 3401 835 3480 IV,
858 3381 900 3468 vs.
926 3407 970 3468 94
999 3426 1079 3488 sqq.:

380 3552 538 3612 Proximus
559 3551 691 3628 ejusdem
712 3553 891 3629 properabat
910 3553 1026 3615 Acilius
1047 3556 1115 3616 aevi

382 3671 447 3714 eum
454 3653 566 3729 juvene
577 3653 707 3731 indigno,
719 3671 807 3728 quem
818 3661 967 3714 moratam
978 3673 1070 3716 saeva
1083 3664 1217 3720 maneret

383 3761 413 3817 et
433 3755 544 3816 domini
565 3755 674 3831 gladiis
696 3759 758 3815 tam
778 3753 921 3815 festinata
940 3761 997 3816 eet.

349 3903 398 3965 De
434 3900 552 3965 duobus
587 3901 728 3976 Aonius,
762 3902 848 3984 patre
880 3901 910 3962 et
934 3898 1007 3976 filio,
1029 3899 1167 3984 loquitur
1182 3907 1283 3988 poeta,

304 4038 432 4100 quorum
455 4013 537 4078 huno
561 4037 578 4078 a
601 4014 800 4078 Dournrruo
824 4012 932 4077 exsilio
954 4014 1116 4079 multatum
1128 4039 1193 4080 esse
1204 4017 1281 4104 legi-

303 4153 371 4195 mus
394 4129 473 4215 apud
490 4130 685 4193 Sunuouruu
703 4129 735 4192 tn
747 4129 815 4192 otta
826 4129 1003 4192 Demittunt
1015 4151 1080 4216 eap.
1094 4130 1141 4194 X:
1167 4132 1279 4198 tCom·

305 4245 427 4332 nplures
451 4247 613 4321 senatores,
634 4243 668 4306 in
692 4242 740 4306 his
764 4242 882 4327 aliquot
906 4243 1087 4324 consulares,
1110 4246 1280 4312 interemit:

306 4383 363 4424 nex
383 4358 655 4444 quibus01vronu1
679 4358 862 4422 Cannarum
884 4359 918 4423 in
937 4358 1004 4444 ipso
1036 4360 1128 4426 Asiae
1151 4382 1280 4448 procon-

306 4475 436 4554 osulatu,
470 4475 708 4539 Snnvroruuuu
740 4473 907 4553 Onuruurr,
938 4475 1088 4540 Acmon
1112 4475 1282 4539 Garumn-
