3200 5525
792 750 832 807 45

320 932 449 995 Paeneo
468 926 655 993 successerit.
679 928 718 989 In
731 926 788 990 hac
812 926 966 990 Ooasmrr
991 926 1141 991 sententia
1158 928 1293 1013 acquies

320 1068 385 1110 cere
397 1065 567 1131 possumus,
591 1042 753 1105 dummodo
773 1041 794 1103 J
797 1061 961 1105 rrvnunrns
980 1042 1200 1127 verbapocitac
1210 1046 1294 1109 modo

318 1183 380 1224 non
404 1158 496 1222 nimis
520 1156 627 1220 stricto
652 1178 742 1220 sensu
766 1155 958 1241 accipiamus.

364 1274 505 1358 Denique
526 1272 689 1336 videndum
714 1276 759 1336 est
784 1272 821 1335 de
850 1272 1000 1335 sententia
1020 1272 1179 1336 verborum
1202 1282 1294 1358 rapta

318 1392 428 1455 abolla.
474 1387 615 1452 Abellam
647 1387 698 1450 alii
722 1388 962 1473 interpretantur
990 1390 1127 1474 palliam
1154 1392 1293 1475 philoso-

312 1506 450 1591 phicum,
485 1503 636 1567 lacernam
664 1502 726 1577 alii,
761 1524 851 1585 quam
868 1502 1026 1579 Pedasus,
1058 1504 1194 1589 deposita
1213 1510 1295 1591 toga,

317 1620 427 1685 Albam
451 1618 560 1695 iturus,
583 1617 733 1695 induerat,
756 1622 792 1681 ut
814 1618 940 1681 adnotat
963 1619 1123 1683 Rornarr.
1149 1620 1294 1685 Hnrunr-

317 1754 415 1798 curus
432 1755 512 1810 vero,
543 1731 593 1794 cui
622 1731 780 1810 assentior,
803 1731 966 1810 existimat,
997 1732 1045 1796 his
1070 1734 1169 1798 verbis
1189 1735 1211 1797 J
1214 1757 1294 1800 nvn·

316 1866 433 1909 narinu
467 1844 611 1922 indicare,
641 1844 811 1920 Paulson,
845 1849 881 1907 ut
908 1845 998 1909 multi
1034 1845 1124 1930 hujus
1149 1850 1293 1933 temporis

311 1958 535 2044 jurisconsulti,
558 1957 677 2022 Stoicae
698 1956 878 2043 disciplinae
896 1958 990 2023 fuisse
1015 1959 1177 2023 addictum.

361 2185 432 2251 Jam
456 2186 492 2250 de
513 2186 621 2251 ceteris
645 2185 747 2250 minus
771 2185 854 2249 notis
873 2185 1104 2270 jurisconsultis
1127 2189 1292 2253 secundum

313 2301 458 2387 temporis
474 2302 611 2366 ordinem
636 2323 723 2387 agere
742 2299 818 2365 mihi
838 2301 1027 2386 propositum
1045 2308 1099 2367 est.

360 2418 518 2481 Ornnrcrr
549 2440 659 2481 nomen
694 2416 742 2480 bis
777 2416 969 2494 offendimus,
1004 2418 1066 2480 Sat.
1098 2417 1189 2495 XVI,
1212 2441 1289 2502 quae

313 2537 414 2595 tamen
443 2554 461 2594 a
492 2532 597 2595 multis
633 2530 655 2593 J
657 2550 807 2594 uvnunnr
843 2530 1043 2614 abjudicatur,
1078 2554 1120 2596 vs.
1156 2537 1210 2610 46,
1238 2533 1291 2598 ubi

307 2648 471 2730 facundas
495 2651 631 2722 vocatur,
657 2650 687 2709 et
705 2647 766 2709 Sat.
815 2646 903 2709 XIII
926 2669 969 2711 vs.
996 2651 1059 2711 197
1086 2646 1144 2711 hoc
1164 2650 1268 2712 modo:

396 2853 498 2911 Poena
519 2857 619 2910 autem
640 2850 799 2910 vehemens
821 2869 857 2910 ac
877 2854 969 2911 multo
991 2857 1107 2914 saevior
1127 2857 1187 2915 illis

395 2974 469 3032 quos
490 2962 520 3016 et
540 2955 697 3015 Caedicius
717 2955 819 3029 gravis
839 2955 953 3014 invenit
971 2962 1002 3015 et
1023 2958 1258 3037 Rhadamantus,

396 3066 481 3122 nocte
503 3061 610 3136 dicque
630 3076 715 3117 suum
736 3064 854 3134 gestare
875 3058 907 3116 in
927 3065 1046 3136 pectore
1063 3066 1178 3138 testem.

360 3231 470 3295 Variae
495 3234 568 3294 sunt
592 3229 629 3293 de
652 3251 687 3293 eo
711 3228 913 3313 interpretum
938 3227 1097 3314 opiniones
1120 3253 1216 3316 neque
1239 3255 1290 3296 us-

312 3372 403 3436 quam
421 3347 492 3412 alibi
528 3345 711 3410 mentionem
733 3345 769 3408 de
793 3367 829 3409 eo
850 3346 962 3410 factam
982 3346 1096 3411 inveni.
1134 3349 1290 3414 'Addnoor

313 3472 348 3530 ut
368 3488 437 3528 oum
455 3462 523 3526 aliis
549 3461 761 3524 Huruarouro
782 3461 938 3538 assentiar,
961 3463 1148 3526 existimanti
1172 3466 1289 3529 nonde

312 3581 416 3645 eodem
443 3580 477 3643 in
505 3581 633 3659 utraque
669 3573 769 3636 Satira
790 3595 957 3638 sermonem
981 3598 1053 3639 esse·
1100 3577 1294 3667 Clamores,

313 3695 364 3780 qui
402 3696 464 3757 Sat.
500 3689 583 3756 XVI
618 3691 811 3761 memoratur,
846 3708 1004 3750 causarum
1027 3693 1173 3772 petronus
1196 3691 1290 3756 fuisse

312 3810 448 3873 videtur:
472 3828 560 3890 quem
582 3810 682 3867 autem
707 3800 846 3864 nominat
880 3801 913 3863 in
938 3801 1001 3864 Sat.
1025 3801 1112 3864 XIII
1131 3825 1288 3887 personam

312 3925 413 3986 fictam
437 3921 530 3983 irrisae
555 3917 701 4004 suspicari
722 3920 832 4001 potest,
855 3938 945 4000 quam
968 3921 1058 4001 poeta
1069 3922 1192 4002 propter
1204 3943 1288 3985 seve-

311 4039 431 4102 ritatem
457 4059 474 4099 a
498 4036 645 4100 caedendo
670 4030 867 4117 appellaverit
890 4030 1092 4095 Cuanroruu.
1139 4032 1226 4103 Quae
1250 4037 1287 4102 de

311 4176 346 4218 eo
367 4152 446 4238 apud
471 4151 698 4223 (taruennam,
721 4145 976 4224 Bnrrauruouu,
999 4146 1077 4210 alios
1098 4148 1287 4236 interpretes,

310 4274 340 4333 et
376 4267 408 4330 in
441 4264 572 4328 Scholiis
604 4263 757 4348 leguntur,
790 4283 886 4325 merae
915 4261 1106 4346 conjecturae
1127 4287 1285 4352 nugaeque

309 4405 373 4446 esse
394 4381 538 4447 videntur
568 4377 662 4440 nullis
696 4376 904 4441 fundamentis
935 4378 1077 4442 nitentes.
1125 4379 1186 4443 Sic.
1209 4403 1234 4443 e.
1257 4405 1287 4467 g.

308 4500 341 4565 iu
366 4497 466 4564 Sclrol.
503 4495 573 4559 Vet.
606 4494 750 4581 legimus:
778 4493 992 4558 etOnnurcruu
1017 4494 1150 4558 aulicum
1174 4495 1288 4559 Nauo-
