3200 5525
768 694 833 755 182

359 877 411 945 Ad
433 876 521 943 illum
541 877 642 942 locum
677 878 777 941 exstat
800 872 956 954 Scholion,
977 896 1038 959 quo
1058 875 1155 939 multa
1178 896 1292 939 memo-

312 998 383 1060 ratu
406 994 500 1081 digna
530 992 567 1059 de
591 993 774 1057 Sanunnro
798 992 976 1069 afferuntur,
998 1011 1091 1074 quare
1113 988 1167 1054 hro
1189 994 1291 1055 totum

292 1098 533 1174 describamus:
570 1107 794 1170 nSanunurus
833 1104 957 1168 natione
985 1104 1116 1183 Tuscus,
1151 1126 1169 1169 e
1201 1104 1292 1169 domo

316 1222 454 1287 aMancr
476 1218 780 1298 Favonr,incertum
800 1216 929 1282 libertus
949 1240 987 1281 an
1000 1240 1104 1283 servus
1118 1218 1165 1305 (l)
1177 1267 1185 1296 ,
1197 1217 1295 1304 pluri-

315 1336 394 1401 amis
421 1336 518 1400 forma
542 1328 574 1399 et
601 1334 772 1399 urbanitate
800 1333 973 1419 promeritis
997 1355 1034 1398 eo
1053 1333 1183 1398 fiduciae
1199 1332 1294 1410 venit,

249 1455 255 1464 '
317 1456 373 1515 aut
404 1473 459 1537 pro
490 1447 592 1535 equite
615 1448 754 1512 Romano
776 1452 879 1535 ageret
907 1450 969 1533 [et]
1000 1447 1152 1512 decuriam
1173 1468 1296 1531 quoque

315 1564 538 1649 aquaestoriam
557 1566 752 1647 compararet.
798 1560 901 1633 Quare
921 1583 974 1647 per
994 1562 1083 1625 ludos
1102 1561 1213 1646 quibus
1229 1559 1294 1646 pri-

318 1702 424 1744 amum
447 1678 530 1744 XIV
554 1676 711 1742 ordinibus
735 1675 823 1755 sedit,
845 1674 1295 1762 haecapopuloineumdicta

317 1799 427 1860 nsunt:
465 1792 592 1858 trualiud
613 1792 760 1878 scriptum
783 1790 875 1857 habet
898 1791 1113 1870 Sanunurns,
1134 1790 1220 1855 aliud
1238 1812 1294 1876 po·

317 1908 451 1995 repulus
475 1907 620 1973 voluerat.
667 1904 772 1992 Digna
805 1906 919 1993 dignis:
945 1906 990 1970 sic
1013 1906 1217 1969 Sanunnrns
1239 1903 1294 1969 ha·

319 2023 430 2089 ‘tabeat
454 2044 569 2087 crassas
592 2020 759 2105 compedes.
805 2019 929 2084 Rustici
952 2042 991 2085 ne
1010 2018 1089 2083 nihil
1112 2019 1220 2107 agatis,
1238 2018 1295 2083 ali·

319 2136 430 2221 mtquis
458 2136 671 2199 Sanunuruu
706 2132 856 2221 alliget.””
901 2134 981 2199 Tum
1005 2140 1041 2199 ut
1065 2157 1185 2199 causam
1203 2156 1294 2199 usur-

318 2256 426 2338 npatae
458 2248 619 2336 dignitatis
647 2247 726 2311 dixit
745 2248 886 2335 precibus
909 2254 941 2314 et
959 2250 1058 2337 gratia
1077 2252 1227 2313 summoto
1243 2268 1294 2313 ac-

318 2369 477 2432 censatore
510 2363 654 2427 dimissus
688 2368 745 2442 est,
779 2386 848 2428 cum
868 2364 948 2450 apud
962 2364 1082 2450 judices
1106 2362 1187 2428 nihil
1209 2364 1294 2429 aliud

318 2479 447 2545 edocere
478 2482 650 2565 temptaret,
683 2501 773 2564 quam
806 2502 980 2570 concessam
1003 2479 1062 2545 sibi
1085 2478 1294 2544 libertatema

321 2594 541 2670 nMrcnnarn
576 2593 615 2657 ad
646 2616 735 2679 quem
759 2595 855 2659 rectio
878 2594 1026 2659 bonorum
1050 2594 1182 2659 Favoru
1200 2594 1295 2680 perti-

320 2712 458 2775 nnuerat.
508 2706 579 2772 Jam
602 2714 703 2773 autem
727 2731 820 2774 senex
842 2708 876 2774 in
895 2708 1035 2774 maximis
1054 2708 1296 2786 necessitatibus,

323 2825 382 2890 aad
406 2846 482 2908 quas
505 2823 633 2889 libidine
649 2824 830 2910 luxuriaque
850 2824 1011 2903 deciderat,
1034 2829 1158 2888 coactns
1177 2823 1296 2888 auctio·

320 2938 416 3018 anari,
438 2960 508 3003 cum
528 2937 767 3026 interrogaretur
790 2961 846 3004 cur
870 2939 1018 3025 scriptum
1046 2960 1168 3023 quoque
1187 2959 1293 3002 censo·

321 3053 424 3119 tarium
459 3051 613 3130 venderet,
635 3075 698 3116 non
721 3053 861 3129 infacete,
883 3052 979 3118 bonae
1002 3075 1034 3116 se
1050 3052 1212 3118 memoriae
1230 3073 1295 3116 esse

320 3163 490 3254 nperdita.’‘
516 3165 633 3230 Scholii
656 3164 748 3251 hujus
770 3165 895 3230 initium
919 3167 1116 3230 confirmatur
1135 3166 1203 3229 loco
1227 3164 1296 3229 Ho-

317 3281 436 3344 ratiano
459 3279 493 3344 in
513 3280 578 3346 Sat.
603 3281 688 3344 Libr.
707 3282 735 3358 I,
758 3281 821 3344 Sat.
845 3280 885 3345 V.
905 3304 948 3346 ve.
969 3285 1116 3358 51-69,
1127 3280 1208 3345 unde
1220 3301 1294 3367 cog·

317 3392 473 3456 noscimus
504 3392 716 3456 Sanmnitium
739 3392 887 3458 Fauonn
911 3416 1031 3459 servum
1049 3394 1152 3473 fuisse,
1173 3394 1228 3479 qui
1251 3414 1295 3459 vs

319 3511 363 3572 52
398 3528 505 3572 scurra
536 3510 566 3571 et
583 3529 627 3574 vs.
656 3511 697 3572 78
713 3509 878 3594 fugitivas
897 3508 1020 3573 dicitur.
1067 3508 1132 3574 Hic
1151 3514 1295 3575 autema

319 3619 529 3686 Mancnunrn
538 3621 744 3686 manumissus
767 3622 867 3687 scriba
878 3624 944 3708 ejus
966 3625 1066 3687 sactus
1082 3645 1147 3689 esse
1164 3623 1296 3702 videtur,

319 3734 358 3799 ad
381 3757 471 3820 quam
490 3757 554 3800 rem
578 3735 720 3800 alludunt
743 3758 787 3801 vs.
812 3740 957 3800 65-67.
980 3735 1295 3824 Dubitantinterpre-

318 3851 365 3912 tes
388 3871 462 3912 num
490 3847 542 3912 hic
566 3850 645 3913 idem
664 3850 706 3914 sit
726 3851 939 3929 Seoueriane,
962 3856 1053 3934 atque
1076 3851 1130 3915 ille
1152 3851 1206 3936 qui
1225 3853 1295 3917 An·

319 3981 425 4026 ousro
460 3960 494 4024 iu
512 3962 630 4028 deliciis
649 3963 719 4041 fuit,
741 3963 830 4048 cujus
846 3962 1030 4028 mentionem
1049 3963 1125 4030 facit
1140 3963 1295 4030 Pennan-

331 4116 500 4129 m

353 4196 395 4264 (t)
415 4196 450 4245 Ex
466 4195 565 4245 Honrrn
583 4196 635 4245 Set.
654 4195 718 4246 Libr.
734 4195 754 4252 l,
769 4201 815 4245 sat.
831 4195 858 4253 V,
872 4210 908 4246 rs.
924 4195 973 4246 55:

554 4316 670 4368 Sarmenti
686 4315 781 4367 domina
796 4322 872 4367 emtat
887 4322 934 4367 cet.

316 4440 401 4496 contai
416 4454 484 4506 posse
500 4440 560 4494 mihi
576 4438 670 4492 ridetur
685 4452 739 4490 aum
757 4439 788 4490 u.
805 4439 901 4490 Frrorn
915 4437 1000 4491 viduae
1015 4451 1110 4496 urium
1117 4437 1276 4490 obmisisse.
