3200 5525
750 722 792 781 35

282 902 404 965 aliunde
424 902 515 964 etiam
534 901 608 973 satis
629 900 744 987 cogniti
766 905 847 979 sunt,
869 902 1010 966 Gassrus
1031 902 1208 967 Lonernus
1227 906 1259 966 et

282 1016 442 1080 Prorsus.
490 1014 581 1085 Quod
609 1014 780 1111 quominus!
798 1015 909 1080 mirum
939 1016 1036 1102 possit
1064 1016 1170 1093 videri,
1193 1016 1260 1079 ani-

283 1130 530 1195 madvertendum
555 1135 610 1206 est,
633 1152 737 1193 omncs
756 1130 827 1206 fere,
851 1131 903 1214 qui
925 1131 962 1196 ab
986 1154 1021 1195 eo
1041 1134 1188 1194 notantur
1207 1132 1259 1215 ju-

285 1246 470 1324 risconsulti,
506 1244 561 1309 sub
593 1245 736 1309 Nnnonn
773 1250 803 1308 ct
832 1246 1031 1310 Donrrrnno
1063 1247 1183 1325 vixisse,
1206 1246 1260 1330 qui

282 1384 376 1445 quum
396 1361 428 1423 in
450 1382 553 1424 omnes
578 1360 697 1445 probos,
720 1360 870 1423 libertatis
894 1361 1034 1446 inprimis
1047 1362 1149 1425 studio
1160 1360 1261 1425 imbu-

282 1481 339 1553 tos,
364 1475 522 1551 saevirent,
546 1497 583 1536 ne
605 1473 697 1537 libere
728 1474 850 1557 quidem
874 1474 996 1538 dicendi
1016 1475 1145 1539 facultas
1165 1474 1260 1557 juris-

281 1588 430 1651 consultis
454 1588 560 1651 relicta
580 1592 625 1651 est
646 1594 676 1650 et
692 1587 815 1673 linguae
839 1588 939 1652 favere
959 1589 1153 1675 cogebantur,
1176 1592 1260 1651 metu

282 1724 329 1779 ne,
353 1703 434 1786 quod
450 1702 565 1765 Onssrr
589 1702 725 1786 exemplo
750 1705 901 1777 docemur,
925 1703 1084 1787 suppliciis
1107 1704 1260 1766 afficeren-

281 1822 340 1879 tur.
389 1816 490 1886 Quare
526 1815 688 1892 Pedasus
716 1815 832 1899 peritus
858 1816 923 1879 sine
945 1816 1036 1880 dubio
1056 1817 1260 1901 jurisconsul-

281 1935 341 2007 tus,
365 1930 417 2013 qui
441 1934 542 1993 tamen
568 1929 670 1994 servili
694 1930 784 1993 modo
807 1930 999 1994 Donrrranr
1018 1931 1113 2015 jussis
1125 1933 1261 2018 paruisse

281 2045 411 2122 videtur,
431 2046 539 2109 merito
575 2068 592 2108 a
617 2044 638 2106 J
640 2066 791 2109 uvnnann
817 2046 966 2132 culpatur.
1015 2048 1260 2113 Clarissimorum

282 2160 378 2247 igitur
408 2160 487 2245 juris
507 2160 681 2245 peritorum,
716 2160 768 2245 qui
793 2161 865 2226 inde
888 2162 925 2226 ab
949 2163 1103 2226 Auousrr
1126 2167 1261 2249 tempore

284 2297 378 2358 usque
403 2274 441 2338 ad
465 2274 487 2337 J
492 2295 657 2339 uvnnanrs
677 2273 817 2339 aetatem‘
830 2276 980 2354 vixerunt,
1003 2277 1127 2342 nomina
1148 2279 1263 2345 frustra

282 2391 315 2454 in
350 2391 459 2454 Satiris
491 2413 682 2474 quaeremus3
718 2396 807 2476 poeta
843 2392 980 2455 enimin
1006 2393 1106 2456 animo
1129 2393 1259 2459 habebat

286 2506 361 2569 vitia
385 2506 432 2569 sui
454 2506 598 2591 temporis
619 2505 730 2569 vividis
753 2506 906 2571 coloribus
927 2505 1097 2593 depingere,
1120 2530 1177 2571 nec
1200 2508 1261 2574 nisi

281 2643 349 2684 raro
368 2622 467 2685 virum
488 2621 576 2685 laude
601 2620 727 2706 dignum
758 2621 896 2707 improbo
920 2626 950 2685 et
971 2621 1121 2707 culpando
1145 2621 1263 2687 homini

285 2736 428 2821 opponit,
443 2758 503 2819 quo
523 2735 620 2821 inagis
642 2734 733 2819 hujus
757 2735 833 2800 vitia
849 2736 996 2799 eluceant.
1044 2736 1096 2800 Sic
1120 2736 1263 2802 Oassrus

283 2823 469 2927 lueremus
499 2850 543 2913 sic
579 2851 719 2928 Sensus,
754 2855 790 2913 ut
817 2851 880 2934 jam
917 2851 1057 2928 vidimus,
1092 2851 1137 2916 sic
1171 2852 1262 2938 pauci
1325 2852 1334 2858 ”

286 2964 338 3028 alii
370 2964 428 3027 viri
461 2963 581 3028 honesti
610 2969 642 3027 et
665 2965 777 3050 integri
812 2964 950 3028 Nnuonr
981 2971 1186 3050 opponuntur,
1209 2967 1262 3052 qui

284 3077 446 3142 crudeliter
482 3079 515 3141 in
551 3100 602 3141 eos
633 3077 856 3142 animadvertit.
902 3076 1044 3161 Plerique
1080 3085 1189 3159 autem,
1225 3081 1263 3147 de

286 3193 396 3277 quibus
421 3193 485 3280 agit
507 3192 708 3271 Journanm,
726 3192 938 3278 jurisconsulti
952 3198 1128 3278 paupertate
1147 3195 1260 3275 miseri,

287 3308 420 3371 vanitate
444 3307 576 3384 ridiculi,
600 3307 750 3372 delatione
769 3308 896 3372 infames
919 3308 1050 3372 fuerunt.

329 3559 364 3622 O.
392 3560 669 3623 erssnuouornr
692 3559 875 3622 mentionem
900 3559 1262 3639 facitJnvrnnn1s,sed

286 3673 388 3738 obiter
407 3678 526 3739 tautum
551 3675 613 3738 sat.
637 3673 678 3752 X,
697 3697 740 3738 vs.
766 3677 824 3736 16:

365 3915 562 3996 Temporibus
583 3913 655 3974 diris
676 3915 767 3989 igitur
779 3914 926 3991 jussuque
946 3915 1074 3974 Neronis

371 4015 538 4090 Longinum
560 4022 589 4077 et
607 4035 730 4092 magnos
752 4016 882 4077 Senecae
902 4017 1080 4095 praedivitis
1101 4016 1201 4079 hortos

372 4120 489 4197 clausit,
512 4124 542 4180 et
563 4120 699 4196 egregias
720 4119 934 4181 Lateranorum
955 4120 1072 4183 obsidet
1084 4123 1175 4183 aedes

371 4227 433 4283 tota
455 4222 558 4283 cohors
579 4228 634 4282 cet.

335 4452 501 4522 Quomodo
526 4450 614 4516 diviti
638 4452 825 4516 Snnronna
849 4453 990 4518 Nnnonn
1015 4452 1174 4517 arbitrium
1186 4473 1267 4515 mor-

1080 4571 1125 4629 3*
