3200 5525
783 755 845 816 107

328 933 459 997 asecrari
479 934 642 1019 pessimum
656 934 819 998 militem?''
831 936 967 998 Connus
979 938 1080 999 tamen
1093 934 1298 997 imminentem

326 1045 384 1111 sibi
408 1071 426 1111 a
448 1049 577 1113 Susauo
601 1049 750 1113 ultionem
772 1071 835 1112 nou
855 1049 915 1113 nisi
934 1054 1031 1113 morte
1042 1048 1214 1113 voluntaria
1226 1048 1301 1111 effu·

323 1162 380 1249 git.
415 1162 525 1248 Neque
559 1164 603 1228 ita
639 1165 736 1229 multo
756 1170 835 1251 post,
861 1188 954 1249 quum
976 1164 1140 1227 Traximus
1163 1163 1299 1225 duuruu

322 1274 495 1355 Bonosum,
511 1279 632 1345 Suram
644 1278 857 1364 propinquum,
868 1279 921 1362 qui
933 1279 966 1341 in
979 1277 1085 1341 Africa
1095 1274 1225 1340 feliciter
1237 1274 1300 1338 bel-

322 1390 388 1456 lum
395 1398 538 1477 gesserat,
549 1392 785 1478 triumphalibus
797 1393 970 1480 insignibus
978 1396 1124 1468 ornasset,
1138 1391 1228 1455 rtdare
1236 1388 1300 1464 id''‚

323 1510 359 1569 ut
381 1506 476 1570 tradit
500 1507 648 1571 Tacrrus
668 1507 687 1571 1.
700 1510 719 1573 l.
750 1532 801 1573 nse
826 1509 905 1573 dixit
928 1507 1036 1571 honori
1057 1508 1188 1581 Sorani,
1211 1506 1298 1589 cujus

324 1617 397 1684 oilie
417 1620 587 1685 avunculus
607 1622 703 1685 erat.”

367 1731 477 1797 Fletus
508 1736 604 1821 igitur
627 1737 818 1822 imperatoris
841 1736 940 1822 gratia
963 1741 994 1799 et
1018 1736 1092 1798 satis
1116 1739 1205 1797 aucta
1241 1754 1296 1794 sua

321 1847 466 1931 potentia,
485 1850 548 1933 jam
573 1850 673 1935 coepit
692 1852 904 1935 imperatorem
927 1851 965 1913 ad
990 1849 1145 1914 saevitiam
1157 1846 1295 1921 incitare,

320 1962 398 2025 teste
426 1962 553 2026 Ticino
574 1967 688 2029 Annat.
709 1964 793 2028 Lihr.
813 1965 873 2041 IV,
897 1986 960 2049 cap.
984 1966 1011 2040 I,
1034 1987 1051 2027 a
1072 1986 1133 2046 quo
1153 1959 1296 2025 nonnihil

321 2072 422 2137 differt
449 2076 639 2141 Sunronrus
672 2080 705 2142 tn
733 2080 801 2143 cita
828 2080 943 2142 Tiberii
958 2100 1023 2162 cap.
1046 2076 1125 2141 LXI
1146 2076 1190 2138 sic
1210 2074 1295 2159 judi-

320 2208 404 2251 cans:
438 2189 533 2255 nPost
568 2193 656 2276 cujus
683 2193 842 2257 interitum
875 2192 923 2257 vel
943 2191 1136 2257 saevissimus
1160 2188 1294 2253 exstitit:

320 2322 409 2387 aquo
421 2304 550 2369 maxime
573 2308 722 2391 apparuit,
745 2330 806 2370 non
827 2313 890 2371 tam
909 2308 1011 2392 ipsum
1031 2330 1048 2369 a
1068 2307 1197 2371 Sarnuo
1222 2325 1295 2367 con-

320 2416 428 2480 tteitari
465 2420 598 2497 solitum,
630 2444 719 2507 quam
748 2424 906 2487 Sarranum
938 2422 1094 2509 quaerenti
1119 2420 1294 2483 occasiones

319 2530 612 2599 ttsubministrasse.''
660 2537 719 2601 Oui
754 2541 857 2601 tamen
893 2538 1060 2600 sententiae
1084 2557 1146 2598 non
1170 2554 1293 2619 prorsus

317 2648 473 2711 assentior.
521 2651 602 2714 Nam
623 2653 679 2715 etsi
705 2652 793 2716 facile
818 2652 908 2716 eredo
934 2653 1108 2715 Truuarurr
1132 2657 1292 2734 postquam

315 2759 483 2838 Soranum,
515 2786 603 2849 quem
624 2767 743 2829 firmum
773 2789 889 2852 semper
926 2767 983 2830 sibi
1000 2766 1130 2829 amicum
1147 2768 1293 2848 putasset,

314 2873 410 2938 nimia
441 2876 604 2940 ambitione
628 2879 691 2962 jam
716 2885 889 2965 suspectum
910 2881 1073 2956 redditum,
1097 2879 1196 2943 delata
1220 2899 1292 2941 con·

310 2988 466 3072 juratione
479 2990 606 3056 infidum
620 2994 812 3079 cognovisset
824 3000 855 3058 et
875 2995 1026 3078 supplicio
1039 2995 1198 3071 affecisset,
1208 2993 1288 3056 nulli

313 3103 346 3167 in
370 3109 524 3191 posterum
545 3108 636 3172 fidem
659 3108 800 3174 habuisse
821 3115 851 3174 et
863 3111 960 3196 magis
972 3109 1129 3194 magisque
1140 3108 1173 3169 in
1186 3129 1291 3170 omnes

314 3221 470 3286 saeviisse:
493 3223 564 3288 inde
587 3229 689 3289 tamen
709 3227 819 3289 confici
836 3249 897 3289 non
918 3224 993 3288 mihi
1010 3224 1141 3299 videtur,
1160 3219 1289 3286 eundem

313 3355 375 3397 non
407 3342 477 3401 ante
508 3339 600 3404 etiam
623 3341 834 3426 imperatorem
857 3341 1011 3418 incitasse,
1033 3339 1115 3426 quod
1140 3335 1290 3422 expressis

311 3449 410 3514 verbis
431 3452 520 3517 docet
540 3455 696 3533 Thorius,
720 3458 770 3521 oui
790 3462 826 3521 ut
838 3457 929 3521 fidem
941 3457 1085 3542 denegem
1097 3455 1288 3518 Sunronrus

312 3563 379 3630 loco
403 3568 527 3633 laudato
543 3570 617 3634 mihi
636 3594 697 3635 non
722 3574 883 3656 persuasit.

357 3681 417 3745 Sed
430 3685 596 3770 potentiam
609 3707 691 3748 suam
701 3685 831 3749 maxime
850 3686 935 3748 auxit
955 3686 1104 3748 Surruus
1115 3685 1153 3746 A.
1165 3682 1205 3744 U.
1220 3683 1285 3744 776

313 3793 353 3878 (p.
366 3794 438 3860 Ohr.
452 3800 508 3884 23)
534 3797 673 3862 cohortes
697 3799 957 3884 praetorianorum
981 3797 1014 3860 in
1028 3799 1199 3860 anacastra
1211 3816 1285 3856 con-

310 3908 457 3988 ducenda
469 3912 579 3994 quihus
599 3915 662 3998 jam
687 3915 769 3978 solus
793 3918 938 4000 praeerat,
961 3917 996 3975 ut
1008 3916 1111 3974 narrat
1123 3909 1190 3974 Dro
1202 3909 1285 3973 Cas-

310 4043 383 4086 sius
395 4025 479 4089 Lihr.
491 4027 596 4098 LVII.
608 4050 675 4115 pag.
689 4034 755 4094 616
767 4030 805 4106 Β,
828 4034 912 4114 patre
934 4029 969 4092 in
989 4030 1161 4114 Aegyptum
1184 4026 1284 4088 misso,

309 4136 476 4221 Quodquo
500 4141 628 4204 oonsilio
651 4144 766 4221 fecerit,
778 4145 867 4208 docet
891 4143 1039 4206 Ticinus
1062 4142 1176 4206 Annat.
1198 4139 1283 4205 Libr.

307 4252 366 4330 lv,
379 4276 442 4340 cap.
462 4256 499 4318 H
522 4255 570 4320 his
594 4259 708 4323 verbis:
734 4264 789 4322 aut
802 4260 893 4323 simul
904 4260 1030 4344 imperia
1039 4261 1213 4341 ¹acciperent
1225 4279 1283 4320 nu-

309 4387 470 4453 rmeroque
495 4375 525 4433 et
557 4370 663 4436 robore
695 4377 725 4436 et
745 4373 815 4437 visu
837 4375 918 4438 inter
942 4396 973 4438 se
1008 4373 1119 4437 fiducia
1142 4371 1227 4458 ipsis,
1248 4371 1281 4433 in

309 4485 444 4548 coeteros
476 4488 575 4550 metus
608 4488 807 4554 crederetur.''
853 4492 1016 4559 Simuiavit
1046 4500 1147 4559 tamen
1172 4517 1203 4558 se
1223 4494 1280 4559 hoc
