3200 5525
800 746 865 811 140

349 923 530 1013 nimperutor
542 928 658 1014 'itaquid
669 934 812 1015 putamus
823 949 983 1015 passurum
1002 927 1095 991 fnisse
1108 926 1134 990 si
1147 925 1263 991 viveret
1271 924 1323 989 2¹*

348 1046 399 1105 net
418 1042 601 1109 Minurcus
626 1044 827 1109 amnobiscum
851 1039 1023 1108 cenaret.'”'
1069 1041 1214 1106 Mortuus
1226 1038 1324 1125 igitur

346 1174 411 1217 csse
435 1156 555 1221 videtur
586 1156 784 1222 Doursmso
808 1156 907 1222 adhuc
938 1156 1105 1242 imperante
1125 1152 1248 1217 infamis
1263 1151 1323 1215 iste

347 1266 526 1333 (lanuinus
542 1271 777 1351 Massarruus,
800 1294 897 1357 quem,
919 1270 1008 1335 lectis
1020 1268 1068 1332 his
1080 1268 1196 1332 Pn1u11
1215 1265 1325 1343 verbis,

347 1381 436 1447 facile
459 1383 660 1471 intelligimus
684 1408 702 1449 a
721 1390 811 1471 po'e'ta
835 1385 1024 1469 mortiferum
1047 1404 1111 1447 esse
1131 1385 1273 1447 vocatum
1293 1384 1325 1443 et

347 1503 519 1573 ammaum,
544 1496 668 1583 [lignum
692 1498 745 1581 qui
765 1497 1007 1561 mendicaretur.
1053 1498 1084 1561 A
1106 1495 1324 1577 Tacrroquo·

348 1627 406 1689 que
442 1608 582 1694 culpatur
614 1612 648 1675 in
670 1612 738 1675 vito
761 1612 924 1695 Aqricolae
947 1632 1010 1695 cap.
1034 1609 1142 1675 XLV:
1168 1613 1220 1672 net
1242 1608 1326 1672 intra

350 1720 521 1799 uAlbanam
546 1724 593 1809 (1)
618 1746 717 1788 arcem
741 1724 893 1789 sententia
919 1724 1110 1788 Mussaurur
1147 1721 1326 1807 strepebat,”

350 1833 430 1898 unde
462 1837 674 1923 cognoscimus
697 1861 765 1903 eum
788 1839 869 1902 inter
894 1837 1085 1902 Dournraru
1107 1835 1271 1900 familiares
1296 1840 1327 1900 et

349 1949 538 2016 consiliarios
568 1953 670 2017 fuisse.
718 1953 856 2025 Quorum
888 1952 1071 2037 scriptorum
1101 1950 1254 2036 judicium
1288 1950 1325 2015 de

349 2062 499 2128 vilissimo
520 2065 580 2129 isto
602 2066 734 2131 delatore
758 2068 954 2132 confirmatur
973 2087 1093 2150 quoque
1108 2064 1145 2129 ab
1167 2065 1326 2128 Aunnnro

349 2176 509 2257 Vrcnorn,
540 2180 592 2262 qui
627 2182 761 2265 Epitom.
785 2202 851 2266 cap.
884 2180 953 2243 XII
976 2180 1057 2244 idom
1079 2177 1161 2263 quod
1181 2176 1327 2241 Pcrurus

350 2290 493 2355 Nnavar
507 2292 679 2357 convivium
691 2315 870 2371 memorans,
881 2292 926 2357 sio
939 2291 975 2356 de
996 2315 1031 2356 eo
1043 2291 1197 2375 loquitur:
1221 2311 1327 2353 umen·

340 2404 454 2477 ,atione
477 2406 633 2472 Coruum
653 2408 742 2486 facta,
765 2406 993 2472 calumniatoris
1005 2403 1192 2493 praecipui,”
1216 2408 1248 2467 et
1259 2402 1328 2467 bre·

351 2522 381 2587 vi
406 2528 490 2608 post:
516 2522 600 2587 uHm
623 2524 796 2610 jurgiorum
813 2523 998 2609 disceptator
1023 2524 1071 2607 (2)
1103 2525 1134 2585 et
1157 2518 1328 2584 scientissi-

354 2659 441 2700 umus
465 2642 495 2702 et
518 2638 659 2721 frequens
672 2634 761 2701 fuit.’'

397 2750 446 2816 De
469 2751 626 2819 (larum
650 2751 840 2819 Missurum
864 2750 927 2817 vita
951 2750 1039 2837 plura
1062 2753 1136 2814 noto
1158 2772 1222 2813 non
1246 2752 1328 2826 suut,

352 2887 422 2929 nam
446 2865 630 2931 Carcinus
641 2867 703 2946 ille,
726 2867 779 2952 qui
799 2870 983 2931 memoratur
1002 2888 1020 2928 a
1038 2864 1168 2928 Funvro
1180 2863 1328 2926 Josnrrso

353 2981 436 3044 Bell.
458 2980 532 3044 Jad.
555 2980 638 3046 Libr.
661 2981 738 3059 VH,
769 3003 833 3067 cap.
856 2979 898 3058 X,
931 2982 948 3063 o
975 2982 1065 3042 1-4
1086 2977 1255 3063 praefectus
1274 2975 1330 3040 Li·

353 3093 427 3178 byae
443 3094 701 3181 Pentapolitanae
725 3095 780 3160 sub
793 3094 1006 3158 Vnsrrsrauo
1030 3090 1134 3155 morbo
1157 3090 1331 3154 exstinctus

352 3230 416 3272 esse
436 3215 586 3287 narratur,
608 3216 698 3295 atque
720 3210 765 3274 ita
788 3209 924 3274 diversus
945 3206 986 3270 sit
1009 3226 1129 3269 necesse
1149 3209 1195 3267 est
1216 3225 1233 3266 a
1256 3226 1331 3270 nos·

351 3327 400 3386 tro
420 3323 587 3402 oisemo,
610 3325 662 3408 qui
683 3324 739 3390 sub
763 3324 954 3388 Donrrmrr
969 3319 1061 3384 etiam
1079 3318 1206 3404 imperio
1218 3317 1307 3384 vixit.

399 3439 523 3502 Praeter
558 3443 676 3524 turpem
713 3437 894 3502 delationem
936 3433 1128 3522 Irrynunnrs
1168 3432 1331 3496 saroastice

356 3551 447 3616 etiam
466 3553 531 3637 ejus
551 3552 726 3618 caecitatem
757 3549 865 3616 irridet
899 3548 1024 3634 ejusque
1048 3544 1207 3611 libidinem
1227 3544 1330 3631 culpat

357 3688 400 3732 vs.
425 3669 506 3731 114:

433 3851 485 3927 qui
506 3867 657 3928 nunquam
677 3849 760 3909 visae
776 3843 924 3920 flagrabat
940 3858 1039 3903 amore
1059 3842 1187 3920 puellae

400 4020 537 4086 Similem
548 4019 729 4096 irrisionem,
751 4016 788 4081 de
800 4015 861 4079 alio
872 4017 983 4091 tamen,
994 4011 1124 4099 legimus
1140 4009 1220 4097 apud
1233 4009 1331 4074 Mar·

354 4155 480 4202 rrannn
500 4133 583 4200 Libr.
613 4133 707 4210 VIII,
729 4153 774 4216 ep.
798 4127 927 4194 XLIX:

392 4335 434 4403 (1)
455 4335 495 4387 Of.
516 4333 560 4384 Duo
578 4332 675 4383 Csssrus
689 4331 751 4380 Libr.
769 4329 856 4386 cxvii,
872 4343 926 4393 pag.
945 4325 998 4377 ⁷59
1016 4324 1045 4374 Β.

353 4425 365 4492 1
390 4424 431 4492 (2)
452 4424 510 4473 Sunt
526 4423 567 4487 qui
582 4421 596 4473 Ι.
612 4421 628 4471 Ι.
644 4434 685 4485 pro
701 4420 851 4482 disceptatore
867 4417 945 4480 legant
953 4417 1140 4479 dispenscmrem,
1148 4411 1233 4474 injuria
1246 4417 1333 4466 nmen,

354 4521 380 4566 ut
400 4515 457 4567 mihi
476 4512 577 4563 videtur.
