3200 5525
819 702 860 763 16

354 882 492 969 equidem
518 880 681 945 concedere
705 903 766 944 non
792 903 924 967 possum,
948 906 1018 948 nam
1043 906 1059 948 e
1079 907 1122 949 vs.
1142 889 1207 950 198
1220 910 1263 977 sq.
1276 911 1329 976 ap-

351 1018 454 1082 parere
466 994 540 1059 mihi
553 994 674 1060 videtur
682 994 703 1058 J
705 1012 905 1062 uvsnsnrru
919 997 956 1062 de
966 997 1153 1085 temporibus
1162 1000 1328 1071 anoms

351 1134 447 1200 agere,
471 1112 507 1177 de
520 1134 580 1199 quo
600 1111 632 1175 in
646 1111 745 1198 priore
757 1110 849 1198 hujus
861 1113 970 1177 satirae
982 1117 1067 1199 parte
1080 1114 1200 1201 saepius
1211 1119 1326 1182 mentio

350 1230 394 1293 fit.
440 1228 555 1296 Melius
587 1233 689 1292 tamen
713 1230 926 1313 argumentum
951 1228 1056 1292 afferre
1076 1227 1156 1293 illud
1179 1230 1255 1295 mihi
1279 1234 1326 1297 vi-

351 1343 439 1408 detur
486 1342 629 1407 oNobilis
653 1348 754 1407 autem
774 1349 839 1407 arte
858 1342 961 1428 potius
980 1366 1071 1431 quam
1089 1366 1200 1430 genere
1223 1345 1325 1413 dietus

352 1458 467 1523 avideri
499 1459 690 1524 Lnnrunos
719 1457 896 1525 Gorsuao
932 1480 1087 1547 nunquam
1117 1460 1275 1547 potuisset,
1299 1464 1324 1527 si

353 1574 419 1639 rivel
431 1575 464 1638 in
476 1574 612 1661 proxime
632 1578 792 1661 sequentes
812 1596 917 1641 versus
941 1573 1024 1639 oeuli
1036 1576 1104 1660 ejus
1119 1581 1324 1664 erogassent?

350 1693 491 1780 Namque
516 1690 598 1778 omni
618 1689 672 1754 illo
704 1689 910 1757 Jnvnunnrs
926 1690 994 1754 loeo
1017 1689 1135 1755 nobiles
1155 1691 1328 1778 culpantur,

350 1828 427 1896 quos
451 1828 513 1869 non
548 1804 661 1892 pudeat
696 1804 805 1869 mimos
824 1826 922 1891 agere,
948 1805 993 1869 ita
1018 1810 1054 1869 ut
1073 1805 1253 1891 indignatus
1275 1828 1327 1870 ex·
1379 1862 1385 1872 .

351 1922 461 1987 elamet
481 1944 525 1989 ve.
550 1925 625 1986 199.

433 2103 516 2161 Haeo
535 2101 613 2161 ultra
631 2101 703 2175 quid
725 2100 791 2178 erit,
812 2100 870 2158 uisi
892 2100 1004 2159 ludus?

397 2274 498 2347 Quam
519 2272 558 2336 ob
582 2294 645 2337 rem
665 2275 695 2335 et
706 2273 831 2357 propter
842 2269 1098 2341 nanentensi
1109 2276 1326 2355 testimonium,

352 2390 528 2455 Casuum
548 2387 652 2473 potius
675 2407 766 2473 quam
789 2384 849 2471 ipsi
872 2386 1046 2453 Lnnruno
1071 2388 1197 2455 mimum
1208 2390 1328 2455 Ῑιαααα-

352 2505 433 2569 olom
449 2500 644 2567 tribuendum
657 2521 722 2564 esse
741 2499 858 2584 judico,
882 2499 935 2588 qui
955 2505 1047 2588 poeta
1064 2525 1082 2567 a
1102 2503 1329 2571 Trnnmrinde

351 2616 539 2704 temporibus
572 2615 610 2679 ad
639 2595 805 2681 Nnnonrs
830 2618 958 2679 aetatem
989 2615 1102 2682 vixisse
1126 2618 1249 2698 dieitur,
1271 2641 1327 2685 neo

352 2732 518 2823 quidquam
542 2731 662 2797 obstare
677 2730 799 2798 videtur
819 2728 982 2819 quominus
1005 2731 1116 2798 mimus
1131 2734 1197 2820 ejus
1209 2734 1329 2798 Laure-

353 2852 421 2916 obas
456 2849 644 2916 cineam
678 2849 844 2936 imperante
872 2852 959 2912 actus
983 2848 1032 2912 sit.
1079 2849 1128 2913 De
1149 2853 1327 2937 argumento

352 2968 454 3029 autem
465 2963 558 3050 hujus
569 2964 653 3029 mimi
666 2964 796 3051 legimus
812 2962 893 3050 apud
904 2962 1076 3028 anvlum
1089 2962 1111 3025 J
1112 2983 1267 3028 osnrnon
1279 2963 1328 3028 ld:

351 3081 518 3177 Ααυρὲολας
532 3091 621 3155 μῖμος
639 3083 804 3158 εἰσάγεται,
826 3079 926 3136 καθ’ὅν
942 3083 1123 3152 σταυροῦται
1145 3079 1264 3148 λῃφθεὶς
1285 3074 1329 3156 (Ι)

356 3192 475 3272 ἡγεμών.
496 3182 584 3246 Idem
607 3183 670 3246 fere
690 3181 805 3245 dieitur
828 3180 861 3243 in
881 3175 1015 3242 Seholiie
1035 3176 1093 3240 hoo
1116 3176 1220 3241 modo:
1245 3178 1329 3242 oHio

356 3294 556 3359 rumonus
583 3293 696 3358 nobilis
723 3292 785 3356 fuit
808 3296 840 3354 et
864 3289 998 3375 suscepit
1018 3289 1096 3353 servi
1116 3312 1275 3376 personam
1297 3292 1331 3357 in

356 3406 493 3493 augendo
505 3405 597 3471 mimo
622 3410 652 3469 et
673 3403 876 3490 deprehensus
896 3403 929 3466 in
952 3403 1029 3467 falso
1051 3404 1135 3468 oruoi
1153 3405 1232 3470 fixus
1252 3405 1330 3471 est.''

354 3518 425 3584 Hoo
453 3540 515 3583 non
537 3517 680 3584 eonvenit
700 3540 769 3582 oum
790 3516 890 3582 verbis
913 3521 1022 3602 poetae
1041 3517 1227 3584 Laureolum
1246 3521 1333 3586 velas

355 3636 447 3701 etiam
478 3636 550 3700 bene
569 3635 723 3699 Lentulus
739 3635 810 3719 epit,
834 3631 914 3696 uude
935 3631 1098 3696 conficitur
1120 3655 1190 3698 eum
1213 3633 1332 3720 saepius

354 3750 523 3837 perieulum
552 3749 702 3836 effugisse,
725 3747 777 3813 sed
797 3750 949 3833 postremo
971 3744 1189 3831 deprehensum
1220 3767 1332 3831 poenas

357 3865 475 3930 dedisse
500 3865 557 3949 (2).
598 3862 667 3928 Jam
692 3863 725 3927 in
750 3862 817 3949 ipsa
840 3882 931 3926 seena
950 3860 1155 3927 Lnnasouos
1179 3859 1264 3925 eruci
1287 3861 1332 3925 af-

356 3980 436 4044 fixus
459 3983 514 4057 est,
537 3979 574 4044 de
598 4000 658 4068 qua
669 3999 702 4043 re
722 3977 853 4065 legimus
877 3975 959 4063 apud
983 3975 1200 4042 Semnonum
1219 3975 1333 4040 insita

360 4093 457 4176 Oaltp.
486 4114 552 4180 esp.
590 4096 648 4158 57:
685 4096 735 4157 aet
772 4113 842 4156 eum
862 4090 896 4155 in
920 4090 1073 4155 Laweoh
1093 4089 1194 4168 mimo,
1216 4089 1249 4153 in
1273 4110 1334 4175 qua

393 4267 433 4333 (1)
453 4265 495 4318 Sic
510 4267 566 4331 legit
582 4268 672 4318 Garsru
689 4266 724 4318 Ι.1.
737 4265 777 4316 sed
793 4264 855 4330 apud
873 4266 1010 4316 Rursusne!
1024 4263 1115 4320 melius,
1125 4260 1328 4316 utmihividstur.

356 4373 456 4437 legimus
471 4362 591 4433 ληστών.

395 4460 436 4530 (2)
455 4461 487 4511 Da
502 4460 616 4510 Leuerou
633 4472 705 4523 poena
723 4457 827 4522 loquitur
843 4470 935 4524 quoque
954 4455 1076 4504 Miserias
1092 4455 1120 4502 de
1137 4453 1237 4516 Spectas.
1255 4451 1301 4500 vn.
