3200 5525
790 654 833 714 23

362 836 454 903 Unde
486 834 647 903 conficitur
680 832 880 900 Rusununn
900 832 1041 897 Lnrrnu
1066 830 1161 897 fuisse
1181 832 1296 897 mulum

317 955 370 1017 aut
393 952 499 1017 saltem
522 949 704 1017 mediocrem
729 951 850 1035 po'e'tam
873 946 1034 1033 tragicum,
1056 946 1110 1032 qui
1136 946 1294 1034 scripserit

316 1071 443 1133 Atreum
454 1065 652 1155 tragoediam,
675 1063 728 1130 sed
739 1068 864 1152 propter
887 1067 1053 1151 egestatem
1077 1063 1199 1151 pignori
1224 1064 1295 1129 dare

317 1185 441 1245 coactus
465 1180 505 1245 sit
529 1202 601 1246 vasu
624 1183 656 1244 et
680 1181 788 1247 vestes.
811 1179 887 1245 Ideo
912 1184 1023 1253 autem,
1045 1180 1078 1245 ni
1097 1180 1197 1259 fallor,
1219 1179 1297 1245 dicit

310 1296 456 1380 piguerat
491 1299 613 1373 Atreus,
648 1293 721 1378 quie
751 1294 933 1382 pignerandi
970 1316 1060 1360 causa
1096 1298 1186 1372 essct,
1212 1293 1295 1380 quod

315 1411 444 1474 Atreum
468 1408 561 1474 vellet
585 1408 727 1474 seribere.

360 1636 502 1723 Denique
526 1638 589 1703 Sat.
614 1637 690 1713 VII,
714 1659 749 1703 vs
774 1640 818 1702 80
843 1658 913 1702 cum
936 1637 1061 1703 Senum
1083 1637 1193 1703 anso
1221 1658 1294 1703 con·

309 1750 453 1838 jungitur
472 1752 661 1830 Serninus,
683 1771 796 1837 pauper
820 1754 918 1838 pocta,
941 1750 994 1835 qui
1007 1750 1293 1837 epudOnnnuuurr

313 1864 347 1929 in
367 1865 450 1930 notis
472 1866 636 1931 Annrnrus
659 1864 844 1932 cenninus
872 1870 999 1931 vocetur
1027 1865 1201 1949 diciturque
1226 1864 1293 1953 agri

313 1979 432 2068 paterni
451 1980 561 2067 jugera
576 1982 707 2064 quatuor
742 1978 847 2045 sedulo
868 1981 1007 2046 coluisse.
1055 1981 1143 2048 Idem
1165 1982 1294 2047 fortusse

312 2099 369 2172 est,
403 2093 456 2180 qui
480 2092 562 2180 apud
597 2092 812 2159 Minimum
840 2094 925 2161 Libr.
961 2095 1020 2174 IV,
1055 2118 1101 2182 ep.
1125 2094 1292 2161 XXXVII

311 2209 393 2276 inter
415 2206 573 2273 obaeratos
596 2211 796 2295 memoratur:

391 2418 518 2482 centum
538 2418 672 2479 Coranus
692 2424 723 2480 et
742 2418 873 2482 ducenta
893 2419 1059 2499 Mancinus,

390 2527 523 2585 trecente
543 2520 632 2582 debet
652 2520 761 2601 Titius,
782 2521 839 2583 hoc
859 2520 907 2581 bis
924 2519 1062 2601 Albinus,

388 2621 645 2703 decrescendo,
664 2624 850 2702 alterumque
871 2622 1027 2686 Serranus.

358 2822 528 2888 Dubitatur
550 2828 655 2889 utrum
679 2824 864 2890 cenninus
887 2825 1128 2895 ansinnnnus
1141 2825 1290 2894 dicendus

312 2937 362 3004 sit.
408 2937 496 3010 Quae
518 2937 647 3025 legimus
660 2939 741 3025 opud
757 2938 917 3007 Pernmn
936 2939 979 3004 H.
1003 2942 1045 3006 N.
1068 2942 1153 3008 Libr.
1161 2942 1290 3021 XVIII,

312 3077 335 3120 s.
349 3057 393 3118 20
407 3053 444 3118 de
456 3053 575 3141 origine
586 3053 719 3117 nominis
731 3054 982 3134 Snusnuouuu,
992 3077 1092 3143 nugae
1104 3077 1171 3122 esse
1182 3055 1289 3122 viden-

310 3174 373 3235 tur.
396 3169 483 3234 Idem
509 3168 594 3233 Libr.
619 3168 712 3247 XIX,
736 3192 759 3234 s.
785 3173 804 3232 8
826 3168 941 3234 scribit.
976 3195 995 3230 n
998 3217 1090 3238 .....
1112 3170 1288 3255 queadmo-

311 3283 449 3350 unitione
462 3283 623 3362 succurrit,
645 3283 727 3369 quod
747 3283 792 3348 M.
804 3282 931 3351 VARRO
942 3284 1048 3363 trudit,
1066 3285 1100 3348 in
1111 3285 1288 3353 Snuunuo·

310 3418 409 3466 riuum
427 3398 543 3463 familia
562 3397 755 3485 gentilicium
779 3419 844 3462 esse
863 3398 992 3464 feminas
1016 3398 1111 3463 linteo
1131 3404 1214 3465 veste
1225 3421 1288 3464 non

312 3517 405 3579 nuti.”
452 3515 522 3580 Nec
556 3518 658 3578 tamen
689 3536 800 3578 nomen
821 3513 1009 3580 Srunnuus
1033 3515 1097 3580 sive
1120 3515 1288 3582 sirenus

309 3627 425 3695 Romae
452 3629 594 3715 ignotum
625 3631 704 3706 erot3
726 3627 786 3691 fuit
806 3627 889 3692 enim
910 3651 1081 3714 cognomen
1096 3628 1142 3694 Μ.
1168 3631 1288 3696 Arrun

308 3742 544 3828 Rnouu1‚quod
556 3741 671 3829 primus
682 3741 735 3806 ille
748 3741 875 3826 accepit,
886 3741 957 3825 quia
968 3741 1088 3807 Poenos
1098 3743 1145 3828 (1)
1156 3743 1288 3823 uicisset,

308 3858 497 3944 posterisque
514 3858 577 3922 suis
589 3856 721 3942 reliquit.
738 3855 821 3926 Quia
833 3861 934 3921 autem
946 3859 1035 3942 pocta
1047 3856 1155 3941 dequo
1168 3856 1287 3945 agimus

309 3992 328 4035 a
347 3970 524 4050 cnrnnno,
554 3975 590 4036 nt
609 3972 751 4050 vidimus,
775 3970 890 4036 dicitur
908 3972 1077 4039 Annnms
1093 3967 1287 4054 Solimus,

344 4231 386 4298 (1)
406 4231 482 4294 Tyrus
508 4238 595 4289 eutem,
620 4230 682 4281 uude
706 4230 779 4282 Poeni
796 4231 890 4282 oriuudi
907 4239 970 4291 sum,
992 4232 1068 4284 Sorro
1086 4235 1135 4284 sive
1154 4233 1216 4285 Sero
1231 4242 1289 4294 erut,

310 4323 379 4385 cuius
405 4321 506 4372 uomiuis
529 4321 653 4384 uestigium
670 4329 775 4387 superest
803 4324 827 4372 iu
846 4324 908 4374 titiis
928 4324 1044 4382 tenonis.
1060 4324 1146 4388 quibus
1163 4324 1288 4374 utebantur

309 4410 418 4462 Romani.
