3200 5525
745 745 809 805 109

290 929 371 1017 agio,
393 926 567 993 intenderat
587 925 716 989 Seiano
740 946 848 987 manus
867 928 899 988 ct
923 930 1027 989 contra
1047 927 1201 991 tendentis
1224 950 1259 992 os

288 1040 544 1108 nverberaverat.‘'
591 1039 677 1103 Idem
700 1039 761 1103 fere
797 1043 901 1102 narrat
924 1038 992 1103 Dro
1011 1041 1153 1105 Cassius
1175 1042 1260 1107 Libr.

287 1159 393 1238 LVII,
416 1181 484 1245 pag.
510 1160 575 1221 618
600 1158 640 1234 A,
663 1155 750 1239 cujus
774 1154 864 1219 verba
888 1171 945 1231 πύξ
967 1170 1259 1245 αῖιιῷὲνέηιηιιοιι

287 1273 432 1340 vertenda
455 1294 519 1336 esse
539 1270 682 1335 videntur
694 1270 1034 1357 colaphumeia‘nflicit,
1056 1272 1168 1359 quippe
1179 1274 1260 1357 quod

287 1390 379 1454 nimis
395 1388 538 1452 audacter
558 1385 595 1450 ab
618 1407 654 1449 eo
673 1385 788 1448 factum
799 1385 887 1463 foret,
898 1386 951 1449 sed
970 1385 1050 1450 idem
1067 1388 1166 1451 valere
1178 1387 1260 1471 quod

288 1504 408 1568 'Inerrr
429 1499 519 1567 verba
534 1510 564 1565 et
588 1508 692 1565 contra
715 1500 877 1566 tendentia.
926 1499 1021 1564 Hunc
1043 1500 1139 1587 igitur
1167 1500 1261 1564 Dau-

288 1638 355 1681 511
382 1639 399 1682 e
433 1614 532 1680 medio
559 1614 666 1678 tollere
692 1613 821 1677 studens
851 1636 975 1677 uxorem
999 1615 1065 1699 ejus
1088 1616 1218 1679 Lrvrau
1238 1638 1261 1679 s.

287 1733 468 1809 Lrvrunrrr,
491 1730 688 1794 Gaianarum
712 1750 854 1805 sororem,
878 1728 916 1791 ad
933 1729 1116 1793 adulterium
1128 1730 1262 1815 pellexit,

287 1852 318 1911 et
337 1845 486 1933 promisso
505 1842 709 1921 matrimonio,
731 1864 796 1907 eam
817 1842 966 1927 permovit
990 1848 1025 1906 ut
1044 1843 1078 1906 in
1090 1844 1259 1908 occidendo

287 1960 395 2025 marito
419 1981 451 2023 sa
470 1957 636 2042 adjuvaret,
659 1955 740 2020 socio
764 1959 899 2019 assumto
911 1956 1063 2033 Eunrrro,
1074 1957 1128 2042 qui
1139 1958 1261 2023 Lrvran

287 2076 401 2140 amicus
424 2077 455 2138 ct
478 2072 616 2137 medicus
636 2076 708 2134 crat.
756 2070 842 2142 Quin
866 2069 966 2149 etiam,
988 2077 1024 2135 nt
1043 2094 1147 2136 omnes
1170 2070 1262 2157 hujus

286 2189 430 2254 facinoris
463 2186 593 2252 arbitros
624 2188 785 2260 amoveret,
807 2205 931 2248 uxorem
960 2208 1044 2250 suam
1075 2188 1264 2264 Arrcrran,

288 2326 326 2369 ex
349 2326 408 2387 qua
427 2308 490 2367 tres
511 2300 622 2365 liberos
648 2303 830 2387 susceperat,
852 2299 941 2363 domo
966 2323 1020 2364 sua
1039 2301 1190 2387 pepulisse
1201 2302 1261 2365 fer-

287 2422 338 2482 tur
358 2441 376 2482 a
400 2418 527 2481 Taorro
550 2416 665 2479 Λακαί.
689 2414 773 2479 Libr.
796 2414 856 2491 IV,
879 2437 942 2500 cap.
965 2416 1028 2479 III.
1053 2417 1174 2487 Quibus
1197 2439 1262 2481 om-

287 2531 378 2596 nibus
401 2530 514 2617 paratis
532 2531 570 2594 A.
594 2528 634 2593 U.
661 2532 725 2594 776
754 2530 794 2613 (p.
818 2527 890 2591 Chr.
904 2532 960 2614 23)
987 2531 1095 2592 statuit
1114 2530 1262 2595 Drausurr

288 2668 402 2712 veneno
415 2645 593 2721 interficere,
605 2644 691 2727 cujus
704 2644 747 2706 rei
757 2664 877 2706 causam
890 2645 976 2706 affert
989 2644 1136 2707 Taerrus
1149 2647 1262 2709 Annal.

287 2760 371 2826 Libr.
394 2758 454 2833 IV,
478 2781 541 2844 cap.
565 2758 665 2822 VHI:
692 2781 772 2842 aquo
796 2758 942 2843 paulatim
966 2759 1116 2845 irrepente
1140 2759 1262 2826 morbus

289 2871 566 2949 nassimularetur,”
603 2872 655 2955 qui
688 2872 796 2936 deinde
825 2873 915 2936 etiam
937 2873 1022 2937 addit
1045 2898 1098 2960 per
1122 2898 1210 2960 quem
1234 2875 1262 2940 ei

288 3012 437 3055 venenum
471 2985 602 3051 dandum
635 2986 801 3050 curaverit:
834 2986 893 3050 nId
929 2986 1046 3052 Druso
1074 2990 1178 3053 datum
1210 3012 1263 3075 per

289 3105 456 3169 rerouurr
480 3101 651 3188 spadonem,
674 3104 710 3164 ut
734 3105 804 3164 octo
827 3106 897 3187 post
914 3123 1009 3166 annos
1022 3105 1177 3190 cognitum
1190 3109 1264 3169 est?

288 3217 438 3283 Historici
451 3221 551 3282 autem
564 3216 690 3280 tradunt
702 3214 796 3281 fuisse
809 3216 861 3300 qui
874 3239 910 3281 ex
928 3218 1099 3284 rumoribus
1111 3218 1262 3306 evulgatis

287 3333 484 3420 opinarentur
497 3333 670 3396 I'ronaruu
687 3329 779 3416 hujus
797 3333 898 3398 caedis
919 3335 1074 3399 conscium
1086 3335 1180 3400 fuisse
1204 3337 1262 3422 (1).

287 3448 446 3533 Quidquid
470 3453 516 3512 cst
541 3447 672 3511 maxima
696 3451 776 3512 certe
813 3471 881 3512 cum
914 3450 1008 3514 animi
1039 3450 1262 3536 tranquillitate

286 3569 413 3628 mortem
437 3563 493 3626 tilii
529 3561 644 3637 tulisse,
679 3567 848 3626 moerentes
883 3588 918 3628 ac
946 3565 1084 3652 lugentes
1109 3572 1262 3632 senatores

287 3676 462 3760 nobilesque
482 3674 670 3739 orationibus
691 3675 880 3740 consolatum
901 3701 965 3742 esse
988 3684 1091 3742 narrat
1115 3680 1262 3744 Tacrrus

288 3793 401 3856 Annad.
424 3789 509 3854 Libr.
531 3789 590 3866 IV,
613 3811 676 3874 cap.
700 3787 786 3853 VIII
807 3795 838 3854 et
858 3791 987 3878 legimus
1012 3791 1092 3877 apud
1104 3792 1262 3857 starcia

288 3906 322 3969 in
346 3905 549 3970 consolatione
572 3904 616 3965 cd
630 3902 785 3966 Marciam
797 3925 864 3989 pag.
890 3908 956 3968 116
981 3927 1040 3990 sq:
1065 3905 1149 3990 aipse
1161 3910 1262 3970 tamen

288 4040 362 4104 apro
383 4017 489 4082 rostris
501 4017 637 4082 laudavit
657 4016 762 4092 filium,
775 4017 920 4101 stet'tque
940 4019 973 4081 in
986 4025 1150 4106 conspectu
1161 4019 1262 4106 posito

288 4154 442 4217 acorpore,
464 4131 624 4216 interjecto
643 4130 855 4193 tantummodo
880 4131 1059 4212 velamento,
1080 4134 1161 4218 quod
1185 4158 1262 4221 pon-

289 4244 402 4310 artificis
422 4243 525 4308 oculos
545 4265 563 4306 a
586 4242 691 4307 funere
716 4248 831 4307 arceret
855 4247 988 4311 etflente
999 4247 1111 4334 populo
1123 4248 1262 4314 Romano

279 4362 529 4375 ἡ

322 4401 361 4468 (1)
383 4402 434 4452 viu.
455 4401 495 4451 llro
514 4400 611 4452 Cassius
625 4402 690 4454 tibr.
708 4402 775 4460 blll,
792 4417 845 4468 pag.
863 4404 922 4465 618,
940 4405 1131 4460 Trcrrusrtnaal.
1153 4410 1255 4460 tibalv

287 4506 339 4557 cap.
356 4492 385 4543 X.
