3200 5525
769 732 837 795 118

316 918 443 980 matum
455 961 566 978 ......
587 912 687 999 ipsum
708 935 780 979 vero
796 912 911 978 laboris
921 935 957 977 ac
968 912 1038 977 fidei
1051 913 1291 999 capacissimum,

313 1026 502 1093 nsufficiente
533 1025 626 1092 etiam
653 1026 752 1115 vigori
773 1027 866 1091 animi
894 1048 1038 1113 compage
1058 1028 1203 1113 corporis,
1227 1028 1290 1092 sin·

312 1141 467 1228 regularem
490 1140 705 1227 principalium
725 1162 851 1204 onerum
875 1139 1044 1224 adjutorem
1063 1139 1097 1202 in
1121 1139 1290 1204 omniaha·

312 1255 400 1321 abuit
423 1260 513 1340 atque
536 1254 637 1333 habet,
660 1256 759 1320 virum
784 1254 956 1318 severitatis
969 1254 1161 1332 laetissimae,
1184 1253 1290 1318 hilari·

314 1370 408 1435 ntatis
427 1370 543 1457 priscae
559 1373 632 1433 actu
642 1368 956 1444 otiosissimillimum‚
967 1368 1051 1431 nihil
1060 1369 1120 1430 aare
1130 1369 1291 1433 vindican-

310 1492 399 1562 tem,
421 1507 514 1571 ecque
533 1485 744 1569 adsumentem
769 1484 881 1557 omnia,
903 1503 1076 1565 semperque
1097 1483 1184 1567 infra
1208 1484 1290 1547 alio·

310 1621 397 1663 arma
419 1600 646 1663 cectimctc'cnee
669 1598 911 1672 nanneticam,
947 1594 1036 1659 vultu
1060 1596 1182 1679 vitaque
1202 1602 1288 1660 tran·

310 1712 469 1796 aquilium,
492 1712 595 1777 animo
618 1715 820 1775 exsomnem.”
850 1710 957 1796 Ipsum
982 1714 1082 1773 autem
1104 1709 1288 1776 ananrr

308 1826 366 1890 sibi
387 1826 542 1891 conscium
566 1848 633 1890 esse
651 1848 714 1889 non
737 1846 842 1890 omncs
867 1824 994 1888 eandem
1019 1823 1055 1887 de
1078 1824 1287 1889 Susinosen-

310 1941 439 2007 tentiam
473 1942 560 2021 imre,
597 1941 760 2007 conficitur
790 1963 829 2004 ex
863 1940 903 2003 iis
938 1962 1015 2023 quae
1050 1939 1180 2025 legimus
1212 1940 1288 2025 Cap.

309 2056 504 2122 cxxvm:
527 2057 587 2121 nIn
604 2056 695 2141 hujus
710 2056 860 2121 virtutum
873 2054 1083 2118 aestimatione
1094 2054 1157 2138 jam
1169 2054 1287 2139 pridem

310 2170 445 2256 ajudicia
469 2170 604 2235 civitatis
620 2190 689 2233 cum
709 2169 837 2254 judiciis
860 2168 1009 2254 principis
1025 2173 1153 2233 certent.
1176 2168 1288 2251 Neque

310 2307 428 2350 anovus
451 2283 503 2348 hic
523 2307 589 2348 mos
609 2288 732 2347 senatus
752 2283 916 2369 populique
939 2284 1071 2347 Romani
1083 2284 1290 2369 estputandi‚

309 2398 411 2484 equod
422 2397 571 2484 optimum
592 2396 644 2475 sit,
666 2420 730 2461 esse
754 2394 1008 2461 nobilissimum.”
1043 2397 1144 2469 Quam
1164 2402 1287 2462 senten-

307 2511 382 2576 tiam
414 2515 574 2597 postquam
606 2511 751 2597 exemplis
770 2511 949 2589 illustravit,
970 2513 1015 2575 sic
1038 2511 1154 2597 pergit:
1179 2511 1288 2576 nHaec

310 2626 480 2691 enaturalis
515 2626 645 2711 exempli
669 2625 803 2689 imitatio
823 2625 862 2689 ad
881 2626 1097 2711 experiendum
1118 2626 1287 2704 Sssnnon,

310 2740 498 2820 aCaesarem
521 2741 560 2807 ad
580 2740 717 2827 juvanda
740 2761 813 2806 vero
837 2761 929 2805 onera
948 2739 1105 2828 principis,
1127 2739 1286 2805 Serenum

310 2854 481 2942 eperpnlit3
514 2860 713 2939 senatumque
745 2859 776 2918 et
795 2855 943 2941 populum
961 2854 1134 2919 Romanum
1158 2875 1194 2918 eo
1217 2876 1287 2940 per·

309 2968 429 3045 eduxit,
451 2974 486 3034 ut
509 2967 591 3055 quod
615 2993 674 3035 usu
698 2971 847 3056 optimum
870 2968 1027 3054 intelligit,
1049 2969 1081 3032 id
1101 2969 1134 3032 in
1157 2969 1287 3033 tutelam

308 3085 503 3150 esecnritatis
523 3108 594 3150 suae
614 3085 745 3150 libenter
765 3081 925 3150 advocet.''
1219 3095 1221 3098 ’

308 3310 384 3374 Post
417 3310 577 3373 desinon
607 3308 775 3373 videndum
794 3313 845 3370 est
869 3307 906 3369 de
929 3305 1208 3385 nm1012ms100,
1231 3311 1286 3392 qni

306 3422 381 3487 item
412 3419 470 3484 sub
489 3419 633 3482 'lmemo
657 3419 743 3485 vixit.
789 3418 841 3482 Ad
864 3417 948 3482 hunc
967 3418 1048 3483 enim
1064 3421 1215 3504 pertinere
1239 3423 1286 3486 vi-

308 3535 420 3600 dentur
444 3552 521 3616 qnae
544 3530 676 3618 legimus
699 3532 780 3618 apud
804 3532 1011 3598 lovanium(
1034 3534 1097 3599 Sat.
1121 3534 1216 3613 VHI,
1241 3559 1286 3601 vs.

310 3652 352 3714 13
374 3669 439 3733 sqq.

386 3825 447 3888 Gur
460 3824 660 3905 Allobrogicis
683 3833 713 3889 et
735 3846 844 3904 magna
865 3828 997 3905 gaudeat
1016 3847 1070 3890 ara

387 3934 477 3992 natus
498 3930 529 3990 in
550 3929 698 3992 Herculeo
719 3930 836 3993 Fabios
857 3931 929 4012 lare,
951 3933 978 3992 si
1000 3932 1134 4014 cupidus,
1155 3935 1182 3993 si

386 4049 482 4094 vanus
500 4037 530 4093 et
545 4032 691 4110 Euganea
711 4035 912 4111 quamtumvis
933 4035 1048 4095 mollior
1064 4053 1151 4110 agna.

352 4199 449 4266 Hunc
483 4202 580 4289 igitur
607 4202 744 4294 Ilnmon
769 4204 807 4270 ab
826 4205 953 4289 antiqua
975 4210 1066 4292 gente
1102 4229 1284 4293 magnopere

306 4312 501 4404 degenerasse
525 4316 659 4381 ostendit
687 4322 718 4381 ct
751 4318 916 4404 majoribus
940 4318 1004 4383 suis
1026 4319 1113 4384 valde
1135 4321 1281 4406 imparem

305 4429 407 4497 foisse.
455 4430 542 4498 Haec
572 4432 651 4495 enim
672 4453 748 4518 gens
771 4433 921 4520 originem
942 4433 1051 4499 ducere
1068 4432 1226 4500 dicebatur
1242 4435 1282 4501 ab
