3200 5525
782 699 890 777 87⁵

314 893 368 979 qui
400 897 542 981 rogarent
566 913 620 957 cur
640 897 740 984 vetere
764 893 926 959 Armeniae
950 893 1138 981 possessione
1162 892 1294 981 depelle·

315 1012 409 1086 retur,
432 1007 545 1073 additis
569 1007 663 1072 minis
687 1007 751 1073 fore
786 1013 822 1072 ut
841 1008 935 1075 frater
958 1009 1157 1074 Vonoensus
1181 1009 1294 1075 bellum

313 1123 458 1189 adversus
477 1123 633 1186 Romanos
654 1128 822 1190 renovaret.
846 1122 968 1196 Quibus
991 1124 1106 1189 auditis
1131 1124 1291 1189 Coaaono

313 1236 342 1300 ei
366 1237 478 1302 suasit:
503 1237 664 1323 apreoibns
689 1235 874 1305 Consanum
894 1236 1052 1326 aggredi.'‘
1100 1238 1294 1327 Expugnatis

313 1349 424 1415 deinde
444 1352 579 1417 castellis
594 1353 774 1438 quibusdam
798 1354 832 1417 in
843 1355 1000 1433 Armenia,
1011 1354 1172 1419 Consono
1185 1353 1294 1449 statuit

312 1470 406 1552 caput
437 1467 536 1553 ipsum
571 1470 720 1533 Artaxata
751 1469 886 1555 aggredi,
920 1491 980 1554 quo
1011 1491 1105 1552 quum
1125 1467 1294 1533 exercitum

313 1580 657 1657 duceret,T1n1onnns
680 1583 793 1647 frustra
818 1588 945 1647 conatus
969 1588 1016 1647 est
1041 1582 1137 1669 copiis
1151 1582 1294 1647 suisRo-

312 1717 469 1759 manorum
501 1694 560 1759 iter
588 1696 756 1781 prohibere
804 1696 867 1761 Ubi
894 1702 996 1778 autem
1034 1702 1159 1763 ventum
1188 1702 1235 1761 est
1254 1697 1293 1761 ad

312 1811 469 1889 Artaxata,
500 1811 573 1875 urbs
595 1810 650 1876 illa
674 1816 782 1898 sponte
801 1810 950 1875 Romanis
971 1834 1035 1877 sese
1056 1812 1193 1890 tradidit,
1215 1834 1292 1896 quae

311 1922 436 1990 incensa
452 1924 561 1989 deinde
580 1929 612 1990 et
636 1926 702 1989 solo
726 1930 854 2010 aequata
873 1931 929 2003 est,
952 1948 991 1990 ne
1010 1925 1150 1990 hostibus
1169 1927 1203 1989 in
1223 1947 1294 2011 pos·

312 2044 410 2103 terum
442 2039 594 2126 praesidio
622 2061 687 2105 esse
711 2045 829 2127 posset3
854 2040 972 2105 civibus
996 2045 1099 2105 tamen
1118 2040 1218 2106 victor
1240 2061 1293 2125 pe-

312 2154 410 2240 percit
445 2155 503 2241 (1).
527 2154 647 2227 Quibus
667 2155 800 2222 feliciter
822 2156 918 2243 gestis
942 2155 1103 2220 Ooannro
1125 2154 1292 2219 exercitum

311 2269 400 2335 duxit
423 2270 462 2334 ad
486 2270 705 2363 Tigranocerta
731 2272 947 2360 oppugnanda,
969 2273 1002 2336 in
1015 2294 1074 2356 quo
1086 2271 1196 2337 itinere
1208 2270 1293 2335 Mar-

312 2384 366 2448 dos
394 2384 522 2473 fugavit,
555 2385 609 2450 sed
628 2385 662 2449 in
679 2386 806 2473 regione
835 2386 1037 2451 Tauraunitio
1058 2387 1123 2473 ipse
1139 2386 1192 2451 vix
1211 2384 1292 2471 peri·

310 2500 412 2563 culum
444 2500 562 2578 vitavit,
597 2500 679 2584 quod
710 2524 729 2565 a
760 2500 871 2565 sicario
902 2502 1029 2566 barbaro
1054 2503 1082 2565 ei
1106 2499 1291 2564 imminebat.

310 2612 431 2677 Deinde
454 2613 571 2679 civibus
583 2638 646 2678 non
671 2615 866 2681 obstantibus
886 2616 977 2680 celeri
996 2616 1120 2701 negotio
1132 2614 1291 2701 praesidiis

311 2727 403 2792 victis
411 2728 629 2815 Tigranocerta
642 2730 722 2816 cepit
736 2752 771 2795 ac
792 2730 953 2810 Traannr,
963 2730 1172 2795 Romanorum
1183 2728 1292 2805 amico,

314 2841 443 2905 tradidit
455 2841 560 2906 addito
572 2843 600 2906 ei
626 2843 784 2929 praesidio.
809 2844 963 2930 Deinceps
981 2845 1015 2909 in
1039 2845 1159 2929 Syriam
1171 2867 1203 2909 se
1214 2844 1288 2909 eon·

312 2957 395 3034 tulit,
418 2978 495 3041 quae
518 2961 588 3042 post
615 2963 742 3024 mortem
761 2957 914 3022 Unnrnrr
936 2958 996 3044 ipsi
1008 2959 1155 3044 permissa
1167 2964 1242 3024 erat.

355 3072 460 3144 Quum
483 3077 584 3137 autem
604 3072 779 3137 Trannrrns
797 3074 836 3137 A.
856 3072 898 3141 U.
917 3077 981 3138 815
1002 3079 1043 3159 (p.
1056 3071 1128 3135 Chr.
1141 3074 1198 3158 62)
1210 3072 1289 3146 ndi,-

310 3185 426 3251 abenen
451 3187 657 3274 popularetur,
681 3185 890 3265 Voroansus,
899 3207 954 3250 rex
964 3184 1158 3263 Parthorum,
1176 3183 1289 3250 bellum

309 3301 453 3366 adversus
486 3303 640 3368 Romanos
664 3301 831 3367 renovavit.
855 3301 927 3367 Jam
949 3303 1015 3389 ipse
1037 3301 1072 3366 in
1090 3299 1180 3386 Syria
1203 3300 1289 3364 Gon·

310 3435 469 3481 nortonam
489 3418 615 3505 aggredi
636 3417 754 3495 statuit,
775 3416 996 3481 Moneanzun
1015 3438 1096 3493 vero,
1115 3413 1290 3480 Adiabeno-

309 3551 375 3594 rum
389 3553 498 3618 regem,
521 3537 551 3597 et
573 3531 770 3595 Momasson
789 3531 937 3595 Parthum
956 3531 989 3595 in
1012 3531 1191 3596 Armeniam
1203 3530 1288 3595 misit

309 3649 416 3709 contra
440 3644 626 3710 Trannnnm
653 3642 710 3733 (2).
734 3643 806 3715 Quo
827 3645 951 3730 cognito
963 3644 1125 3708 Connuro
1137 3645 1288 3710 Trennar

309 3758 423 3824 auxilia
446 3759 539 3839 misit,
562 3759 627 3846 ipse
647 3759 778 3824 maxima
799 3757 960 3844 diligentia
983 3758 1103 3842 Syriam
1127 3758 1287 3824 defendere

308 3875 437 3959 paravit.
484 3874 624 3959 Utraque
648 3880 750 3939 tamen
773 3873 908 3938 hostium
928 3873 1083 3959 expeditio
1107 3871 1196 3936 irrita
1219 3873 1288 3952 fuit,

307 3988 353 4053 ita
371 3993 407 4053 ut
431 3989 628 4055 Vonounsus
652 3990 783 4055 demisso
807 3988 908 4052 animo
928 3987 1113 4074 impetraret,
1124 3990 1159 4050 ut
1171 3986 1287 4072 legatos

343 4216 385 4285 (l)
408 4217 458 4268 Vid.
476 4218 574 4267 Trorros
591 4216 673 4266 Aoool.
691 4215 755 4266 libr.
777 4215 838 4273 Xlll,
854 4229 906 4280 cap.
922 4213 987 4264 llLl:
1004 4214 1060 4264 -Sed
1078 4215 1197 4279 oppidani,
1213 4217 1288 4281 portis

313 4316 395 4376 sponte
411 4309 541 4373 patefactis,
557 4322 584 4358 se
597 4321 685 4372 suaque
701 4307 812 4358 Romanis
818 4307 953 4372 permisere
960 4306 1023 4373 qnod
1035 4307 1134 4358 salutem
1145 4307 1202 4372 ipsis
1210 4307 1288 4356 tulit.u

345 4399 390 4468 (2)
409 4399 452 4450 rid
471 4399 660 4451 Tacrroslnaat.
676 4398 739 4449 libr.
752 4397 798 4458 XV,
815 4412 866 4464 cap.
886 4398 907 4450 ll
925 4399 1007 4450 collato
1027 4397 1102 4448 olom
1122 4395 1207 4450 Cassio
1225 4395 1288 4444 libr.

310 4490 370 4541 Lllll
386 4490 461 4541 initio.
