3200 5525
773 732 837 791 103

316 909 438 996 quidem
470 910 507 975 de
539 910 578 975 iis
602 914 723 982 tantum
756 932 844 998 agere
868 909 943 977 mihi
968 912 1066 977 visum
1090 916 1146 991 est,
1168 932 1296 995 quorum

315 1046 386 1090 vera
405 1026 530 1091 nomina
553 1025 587 1089 in
610 1025 721 1091 Satiris
741 1026 896 1113 leguntur.
932 1027 981 1091 De
1001 1027 1050 1091 his
1073 1027 1179 1113 igitur,
1201 1048 1298 1111 quau-

314 1144 381 1205 tum
402 1140 467 1204 ficri
480 1144 590 1225 potest,
612 1140 853 1227 temporis,-quo
878 1141 1021 1220 vixerint,
1044 1142 1162 1208 ratione
1185 1140 1299 1219 habita,

314 1253 480 1332 uideamus,
515 1259 606 1338 atque
639 1254 677 1319 ab
709 1255 748 1320 iis
779 1256 902 1339 quidem
923 1256 1076 1321 ordiamur
1100 1256 1153 1341 qui
1173 1256 1298 1325 fuerunt

315 1366 460 1431 Triennio
485 1366 660 1452 imperante.
709 1369 758 1435 Ex
782 1368 831 1435 his
855 1376 956 1435 autem
980 1371 1078 1457 primo
1091 1371 1157 1434 loco
1181 1368 1296 1433 mentio

313 1480 452 1547 facienda
475 1488 521 1547 est
542 1484 579 1548 de
599 1485 708 1548 Annio
733 1486 873 1570 Sarrum,
896 1487 948 1571 qui
962 1487 1018 1551 sub
1030 1486 1174 1550 Triennio
1186 1506 1296 1571 magna

315 1598 495 1663 auctoritate
517 1622 597 1678 usus,
621 1599 669 1664 vel
685 1601 788 1685 potius
816 1601 927 1667 abusus
952 1606 1007 1666 est.
1054 1601 1103 1665 De
1122 1600 1213 1685 hujus
1236 1598 1296 1686 igi-

313 1716 364 1778 tur
389 1717 487 1777 morte
507 1736 599 1801 agens
623 1714 686 1777 Sat.
711 1714 754 1793 X,
777 1736 821 1778 vs,
847 1714 1160 1792 56—113‚maxima
1173 1714 1294 1799 elegan-

312 1826 358 1892 tia
381 1832 472 1913 poeta
496 1828 635 1913 depingit
654 1827 798 1912 pericula,
822 1828 932 1912 quibus
956 1828 1107 1891 obnoxius
1124 1826 1165 1890 sit
1180 1827 1217 1904 is,
1240 1825 1293 1911 qui

315 1963 333 2006 a
357 1964 445 2007 saevo
470 1947 601 2026 tyranno
613 1943 652 2006 ad
663 1964 790 2029 magnos
804 1942 965 2007 extollitur
976 1940 1116 2019 honores,
1139 1944 1170 2005 et
1182 1944 1296 2024 quanta

288 2056 354 2121 'sit
385 2056 495 2121 levitas
515 2058 734 2136 multitudinis,
766 2080 852 2142 quae,
876 2057 972 2121 donec
997 2056 1169 2143 principum
1193 2055 1295 2118 favore

216 2171 219 2175 ’
312 2171 389 2237 tales
404 2172 463 2238 viri
487 2178 625 2253 utuntur,
649 2198 699 2239 eos
720 2174 871 2252 adulatur,
893 2197 987 2258 quum
1012 2196 1082 2237 vero
1102 2171 1292 2258 principibus

312 2289 404 2354 invisi
428 2312 493 2354 esse
513 2291 676 2377 coeperint,
699 2291 831 2355 maximo
843 2313 894 2355 cos
906 2289 1097 2375 persequitur
1118 2288 1198 2366 odic,
1211 2286 1292 2371 quod

312 2402 420 2469 deinde
454 2406 576 2471 Sarnur
611 2408 748 2493 exemplo
791 2406 918 2493 probare
952 2406 1066 2473 studet.
1121 2404 1292 2469 Levitatem

311 2520 400 2585 istam
423 2522 632 2587 multitudinis
655 2521 704 2586 his
725 2522 827 2587 verbis
853 2518 1051 2608 reprehendit
1075 2542 1119 2584 vs.
1133 2524 1175 2585 72
1190 2540 1269 2603 sqq.:

726 2772 1100 2794 .............
1123 2727 1177 2789 sed
1198 2726 1270 2805 quid

392 2835 480 2896 turba
499 2833 611 2894 Remi?
633 2835 768 2912 sequitur
787 2833 945 2912 somonam,
965 2839 999 2894 ut
1019 2850 1144 2911 semper,
1166 2836 1197 2892 et
1207 2829 1270 2893 odit

392 2937 558 2999 damnatos.
599 2937 683 2998 Idem
703 2938 840 3016 populus,
861 2938 888 2996 si
909 2937 1018 2997 Nortia
1038 2936 1138 2996 Tusco

390 3042 524 3121 favisset,
546 3043 571 3102 si
593 3059 736 3120 oppressa
755 3041 832 3101 foret
852 3057 959 3100 secura
981 3045 1118 3098 senectus

390 3145 542 3226 principis,
562 3146 620 3207 hac
641 3146 709 3225 ipsa
730 3143 872 3223 sejanum
894 3145 1005 3204 diceret
1025 3141 1099 3202 hora

393 3248 571 3325 Augustum.

355 3442 435 3508 Tum
465 3445 588 3510 Snrnur
615 3466 735 3529 quoque
763 3441 1013 3529 imprudentiam,
1036 3462 1097 3525 qua
1124 3436 1288 3527 perniciem

308 3556 453 3643 sibiipsa
477 3557 671 3634 contraxerit,
693 3557 739 3620 ita
758 3556 863 3640 culpat
883 3578 926 3620 vs.
953 3558 1018 3620 103
1045 3577 1125 3639 sqq.:

389 3768 469 3843 Ergo
489 3766 562 3844 quid
582 3765 742 3843 optandum
764 3763 848 3842 foret,
869 3764 1023 3838 ignorasse
1043 3761 1147 3822 fateris

391 3869 547 3948 Sejanum3
569 3887 638 3928 nam
660 3870 711 3945 qui
731 3859 840 3927 nimios
862 3866 986 3944 optabat
1005 3864 1133 3924 honores

389 3976 420 4031 et
441 3972 548 4030 nimias
569 3970 710 4048 poscebat
731 3987 812 4048 opes,
834 3986 991 4029 numerosa
1017 3968 1144 4046 parabat

389 4075 526 4134 excelsae
546 4074 636 4134 turris
657 4073 801 4150 tabulata,
824 4072 904 4132 unde
925 4073 1013 4131 altior
1033 4079 1113 4133 caret

389 4193 475 4236 casos
496 4182 527 4237 et
547 4177 693 4254 impulsae
713 4193 859 4254 praeceps
881 4176 1008 4237 immane
1028 4176 1142 4238 ruinae.

354 4347 425 4410 Jam
459 4346 495 4411 de
515 4344 573 4411 hoc
606 4347 734 4411 Susino
760 4369 846 4433 saepe
866 4345 1050 4412 mentionem
1070 4347 1182 4412 factam
1200 4349 1285 4415 inve-

311 4461 412 4527 nimus
437 4460 516 4547 apud
543 4460 872 4538 Tacrruu,D10nnn
896 4461 1056 4540 Cassium,
1080 4462 1289 4541 Sunronrun,
