3200 5525
777 710 795 769 3

292 893 450 978 pertineat,
485 890 583 954 omnis
618 889 821 955 humanitatis
852 890 1001 953 fautorem
1024 912 1093 955 eum
1116 891 1211 956 fuisse
1234 914 1273 957 ex

295 1008 411 1073 Penni
431 1008 499 1072 loeo
522 1005 693 1083 coniicitur,
715 1005 768 1090 qui
780 1009 883 1070 tamen
895 1005 1049 1071 'Pansam
1061 1006 1169 1071 merita
1181 1006 1273 1071 nimis

295 1143 476 1209 exaggerare
509 1122 643 1199 videtum
675 1120 929 1205 quemadmodum
956 1120 978 1183 J
980 1140 1147 1185 uvauarns
1181 1121 1273 1186 etiam

295 1236 470 1301 testimonio
490 1257 553 1299 non
575 1235 636 1299 nisi
660 1235 827 1322 prudenter
837 1236 986 1300 utendum
999 1257 1065 1300 esse
1076 1240 1159 1301 reete
1170 1240 1274 1301 monet

298 1348 560 1415 Hunaenannus
583 1348 603 1413 l.
631 1350 650 1412 l.

340 1462 411 1528 Jam
443 1463 598 1529 videamus
630 1486 777 1548 quaenam
810 1463 904 1527 fuerit
934 1468 1091 1549 poetarum
1130 1464 1277 1543 conditio,

296 1601 385 1663 quam
406 1578 551 1644 describit
574 1578 596 1641 J
598 1599 766 1643 uvnnnurs
790 1578 853 1642 Sat
878 1577 946 1644 VII
970 1600 1013 1642 vs.
1038 1582 1161 1644 3-97,
1198 1579 1275 1644 Poe-

295 1698 352 1772 tas,
387 1693 478 1758 etiam
513 1692 728 1771 nobilissimos,
759 1697 881 1757 coaetos
912 1692 1006 1757 fuisse
1030 1691 1117 1771 dicit,
1139 1716 1178 1758 ne
1196 1693 1276 1758 fame

297 1807 466 1884 interirent,
500 1806 601 1870 Musis
637 1807 805 1871 valedicere
837 1812 927 1890 atque
950 1830 989 1871 ex
1019 1807 1097 1885 aliis,
1119 1807 1276 1873 vilissimis

296 1920 388 1985 etiarn
412 1921 521 1985 officiis
546 1920 660 1985 victum
681 1920 740 1985 sibi
757 1942 908 2005 quaerere.
933 1920 1005 1986 Jam
1029 1942 1206 2007 veroquam
1219 1921 1277 1987 sub

296 2032 450 2099 Turrani
474 2034 601 2120 imperio
621 2034 655 2098 in
678 2032 787 2097 melius
809 2055 954 2099 conversa
976 2038 1113 2121 tempora
1137 2035 1278 2101 videren-

293 2152 356 2226 tur,
391 2153 495 2235 poetas
523 2149 674 2226 admonet,
708 2148 794 2211 utin
814 2146 960 2213 honorem
980 2149 1118 2215 Caesaris
1143 2150 1277 2223 carmina

297 2273 489 2355 componant.
513 2268 658 2353 Legimus
678 2265 758 2330 euim
779 2288 823 2329 vs.
848 2269 890 2329 20
913 2289 957 2349 sq.

379 2451 444 2510 Hoc
465 2450 555 2527 agite,
577 2449 754 2525 ojuvenest
776 2447 975 2525 circumspicit
996 2454 1026 2508 et
1048 2448 1183 2509 stimulat
1193 2464 1247 2508 vos

377 2555 592 2630 materiamque
614 2553 671 2611 sibi
689 2552 773 2612 ducis
794 2551 981 2626 indulgentia
1001 2552 1127 2628 quaerit.

345 2724 481 2791 Aliunde
504 2747 575 2789 vero
591 2746 630 2789 ne
654 2727 831 2810 exspectent
849 2726 1000 2809 praesidia
1023 2748 1124 2790 rerum
1148 2747 1279 2808 suarum

302 2840 413 2904 divites
437 2841 518 2903 euim
543 2839 682 2918 disertos,
704 2839 797 2903 iniis
821 2845 934 2927 poetas,
957 2841 1146 2905 admirantur
1156 2842 1280 2926 quidem

302 2959 334 3019 et
356 2953 492 3031 laudant,
514 2974 571 3017 neo
588 2975 658 3018 vero
678 2954 855 3019 muneribus
877 2977 981 3019 eorum
1005 2957 1175 3042 paupertati
1210 2978 1279 3021 suc·

304 3090 423 3134 currere
460 3068 593 3133 student.
641 3068 711 3140 Qua
739 3069 856 3135 ratione
880 3075 981 3135 autem
1001 3069 1122 3149 divites,
1143 3069 1196 3156 qui
1209 3070 1280 3158 ipsi

301 3206 406 3250 versus
441 3184 559 3248 faciunt
595 3188 626 3248 et
646 3183 699 3249 uni
723 3188 845 3249 tantum
877 3185 1025 3250 Honrao
1053 3185 1183 3262 cedunt,
1204 3185 1279 3250 satis

301 3321 333 3364 se
357 3299 455 3384 potitis
475 3299 574 3363 favere
594 3302 712 3384 putent,
758 3300 888 3386 legimus
911 3323 954 3366 vs.
979 3303 1022 3364 39
1048 3322 1111 3385 sqq.

382 3515 573 3533 .......
596 3479 629 3531 tu
652 3474 678 3531 si
697 3474 854 3533 dulcedine
874 3474 972 3533 famae

381 3592 540 3638 succensus
558 3577 673 3652 recites,
694 3577 862 3636 maculosas
878 3577 1044 3637 commodat
1065 3576 1169 3636 aedes:

382 3681 457 3740 haec
479 3680 565 3753 longe
588 3678 699 3737 ferrata
720 3678 824 3737 domus
845 3679 956 3738 servire
971 3679 1097 3755 iubetur,

383 3784 414 3843 in
437 3800 496 3858 qua
518 3781 661 3840 sollicitas
682 3781 816 3840 imitatur
831 3780 926 3857 janua
947 3785 1057 3858 portas.

382 3885 445 3946 Scit
461 3884 533 3944 dare
553 3883 675 3942 libertos
696 3889 829 3942 extrema
842 3885 873 3942 in
894 3888 979 3961 parte
999 3883 1137 3944 sedentes

383 3987 494 4048 ordinis
516 3991 546 4046 et
564 4004 688 4062 magnas
707 3986 845 4046 comitum
859 3987 1015 4064 disponere
1033 4004 1135 4064 voces3

383 4109 469 4152 nemo
490 4090 574 4150 dabit
590 4109 702 4169 regum,
724 4089 829 4166 quanti
843 4090 986 4150 subsellia
1002 4096 1147 4170 constant,

386 4200 417 4258 et
435 4213 512 4272 quae
533 4194 677 4255 conducto
694 4194 826 4271 pendent
847 4195 1013 4255 anabathra
1032 4197 1139 4274 tigillo,

383 4314 520 4376 quaeque
541 4295 727 4373 reportandis
747 4297 846 4374 posita
865 4301 912 4356 est
932 4297 1085 4358 orchestra
1100 4297 1260 4358 cathedris.

351 4459 564 4526 Nihilominus
600 4462 701 4522 tamen
736 4459 849 4522 multos
885 4460 1050 4525 ambitione
1073 4461 1214 4526 seductos
1237 4460 1281 4525 ait

1097 4578 1143 4638 lae
