3200 5525
804 703 869 765 128

352 882 424 949 Chr.
449 886 505 969 62)
518 884 712 949 Funurerurr
725 883 952 949 Vssnurounu
965 882 1081 970 duplici
1096 882 1223 949 crimine
1235 902 1326 949 accu-

352 1004 449 1063 satum
470 1020 571 1062 essea
595 998 705 1061 Tauro
725 997 964 1081 Gsuruo,qu0d
984 998 1078 1062 libros
1090 998 1245 1077 edidisset,
1256 999 1325 1083 qui·

351 1112 537 1177 susurrus
557 1116 635 1176 esset
661 1093 815 1188 cadarus,
837 1112 871 1175 in
894 1112 1005 1195 quihus
1017 1113 1114 1175 mura
1134 1112 1326 1198 probrosam

353 1232 452 1315 patres
476 1232 506 1291 et
530 1225 700 1291 sacerdotes
723 1225 950 1303 invenirentur,
974 1225 1115 1310 quodque
1140 1226 1237 1290 abeo
1262 1248 1327 1290 mu-

353 1364 424 1406 nera
452 1340 605 1426 Principis
629 1345 660 1404 et
691 1339 953 1425 adipiscendorum
978 1339 1128 1405 honorum
1148 1341 1200 1426 jus
1221 1340 1328 1405 vendi·

351 1460 416 1520 tata
439 1459 548 1519 essent.
593 1454 677 1518 Reus
697 1453 793 1541 igitur
813 1476 906 1537 quum
936 1454 1036 1518 factus
1060 1458 1149 1533 esset,
1168 1455 1328 1519 damnatus

351 1570 445 1633 ltalia
476 1568 581 1654 pulsus
617 1571 663 1631 est
694 1590 713 1631 a
744 1567 898 1645 Nnnoun,
932 1568 985 1651 qni
1009 1568 1104 1632 libros
1125 1590 1246 1653 quoque
1264 1569 1329 1653 ejus

353 1682 490 1747 comburi
499 1680 601 1766 jussit,
614 1680 651 1745 de
663 1679 773 1763 quibus
785 1678 859 1744 haec
871 1680 1029 1746 Tncrrus:
1050 1682 1257 1766 uconquisitos
1268 1682 1330 1746 lec·

356 1798 548 1881 utitatosque,
572 1796 667 1861 donoc
691 1818 760 1860 cum
780 1796 916 1882 periculo
927 1796 1127 1881 parabantur:
1151 1821 1222 1861 mox
1234 1798 1330 1862 licen-

356 1914 420 1977 nlia
443 1912 573 1977 habendi
597 1911 780 1977 oblivionem
806 1909 940 1975 arturus·
976 1914 1021 1976 At
1046 1912 1189 1978 Nascus
1210 1915 1329 1976 mortno

355 2027 482 2091 Romam
503 2049 571 2091 eum
591 2026 716 2091 rediisse
741 2025 869 2089 conficio
890 2048 928 2090 ex
951 2025 1027 2089 locis
1044 2025 1067 2088 J
1068 2043 1259 2103 orsurus,
1277 2024 1330 2108 qui

355 2144 523 2205 senatorem
559 2163 628 2204 eum
663 2143 809 2203 memorat
829 2139 886 2204 sub
910 2140 1137 2207 Donssmrw.
1184 2139 1331 2226 Legimus

355 2254 437 2318 enim
457 2254 520 2317 Sat.
542 2254 605 2331 ΙΙΙ,
628 2275 673 2318 vs.
701 2254 782 2316 185:

437 2475 445 2492 .
466 2475 475 2492 .
498 2476 506 2492 .
528 2474 537 2492 .
557 2431 630 2509 quid
650 2431 714 2509 das,
735 2437 769 2493 ut
788 2431 914 2494 Cossum
934 2434 1098 2510 aliquando
1117 2436 1231 2496 salutes

438 2534 479 2595 Ut
498 2538 529 2595 ta
549 2534 690 2612 respiciat
710 2534 814 2595 clauso
835 2535 963 2612 Vejento
984 2536 1122 2597 labello?

403 2702 473 2769 Hoc
493 2704 560 2768 loco
584 2702 740 2768 inducitur
759 2708 795 2768 nt
820 2704 932 2770 nobilis
958 2705 1113 2792 superbus,
1146 2709 1198 2792 qni
1219 2731 1331 2796 paupe-

357 2819 442 2884 ribus
463 2820 624 2884 clientibus
645 2820 732 2884 adse
751 2820 883 2885 adeundi
907 2826 1089 2906 potestatem
1108 2830 1235 2903 recusat,
1259 2827 1333 2912 quia

358 2935 469 2999 minem
493 2935 624 3020 dapum
635 2935 732 2998 amati
749 2935 806 3020 (1).
830 2936 869 2997 In
893 2936 958 3004 Sat.
984 2935 1033 3000 VI
1045 2938 1110 3022 ejus
1122 2962 1200 3004 uxor
1215 2939 1333 3007 EPPIA

359 3050 509 3127 narratur',
542 3048 650 3113 relicto
685 3048 805 3126 marito,
827 3049 1037 3134 gladiatorem,
1060 3074 1148 3135 qnem
1173 3053 1335 3133 adamaret,

360 3168 465 3228 secuta
500 3185 573 3227 esse.
620 3161 756 3226 Nomina
783 3167 885 3226 tamen
917 3163 1034 3230 ΕΡΡΙΔ
1062 3170 1092 3228 el
1128 3165 1335 3237 SERGIOLUS

360 3276 432 3339 ficta
462 3296 527 3338 esse
555 3273 715 3352 videntum
751 3279 840 3359 poeta
862 3279 963 3340 antem
988 3275 1122 3341 alludere
1150 3277 1273 3344 videtur
1296 3282 1336 3346 ad

360 3387 459 3452 simile
482 3387 606 3462 factum,
629 3386 711 3473 qnod
736 3387 953 3455 deAnrouro
966 3391 1334 3461 narraturaclesaoun

360 3502 395 3565 in
422 3500 505 3563 Orat.
529 3498 616 3564 Phil.
639 3499 685 3579 II,
709 3521 773 3586 cap.
797 3499 904 3579 XXV,
927 3503 945 3585 d
972 3505 1032 3566 62:
1058 3503 1159 3570 uTum
1178 3505 1335 3572 existima·

396 3799 435 3865 (1)
455 3799 522 3847 Facio
538 3799 601 3847 onim
617 3810 672 3846 cum
689 3797 819 3847 Doacsmo:
836 3797 943 3860 delirare
958 3813 1001 3847 rur
1019 3798 1095 3848 Krilll
1121 3814 1146 3847 a.
1161 3815 1180 3847 s.
1195 3814 1223 3848 u.
1236 3801 1276 3850 des
1291 3800 1336 3849 Ju-

362 3888 447 3944 venal,
472 3902 524 3951 pag.
548 3885 582 3935 94
607 3884 709 3935 dicanti:
736 3883 870 3935 »ledenlslls
888 3892 949 3936 ware
965 3902 990 3936 cs
1009 3886 1094 3936 hochst
1112 3887 1252 3952 unpasscnd,
1268 3904 1336 3939 wenc

362 3976 413 4026 »dar
429 3975 524 4025 Dichter·
548 3973 587 4023 dic
614 3973 709 4023 Sclrrcn
726 3973 808 4022 holder
834 3973 921 4023 llerren
936 3981 1004 4024 alneu
1020 3974 1067 4023 uud
1086 3975 1210 4026 denselben
1223 3977 1337 4027 Vorucnd

363 4080 412 4115 »zur
437 4065 578 4126 dbweisuug
604 4062 645 4112 der
664 4061 773 4113 Clicutcn
792 4063 938 4124 gebraucheu
956 4065 1033 4114 llessc.
1070 4065 1146 4114 Drher
1163 4066 1223 4115 lanu
1240 4067 1278 4133 ich
1293 4068 1338 4117 mit

362 4154 418 4202 »den
439 4153 562 4215 duslsgern
582 4151 647 4202 nicht
657 4152 873 4210 ubereinstimmcu,
890 4154 980 4204 welche
995 4154 1075 4204 bisher
1089 4155 1149 4205 noch
1167 4156 1264 4206 alledcn
1278 4156 1338 4207 Gen.

363 4243 444 4291 »amali
461 4244 521 4292 auch
538 4255 591 4292 zum
609 4247 685 4292 ersten
703 4239 760 4292 Satz
778 4242 818 4292 ille
835 4246 900 4292 metit
911 4245 1004 4294 badam
1014 4245 1338 4308 gezogerhrhcn‚··ubrou-

364 4337 437 4394 »postr
472 4330 524 4380 »llir
540 4329 631 4380 schcint
647 4344 673 4379 es
686 4328 798 4391 richtiger
811 4329 851 4379 ille
873 4333 939 4380 merie
955 4333 1047 4383 larbam
1063 4347 1115 4383 vom
1134 4332 1222 4387 cossus
1239 4349 1268 4384 zu
1284 4349 1337 4385 rer-

363 4419 444 4470 slohun
451 4454 525 4470 .....
548 4421 632 4468 runem
649 4420 721 4469 amali
737 4433 788 4467 vom
808 4418 920 4470 Varrurc.
