<?xml version="1.0" encoding="UTF-8"?>
<!DOCTYPE html PUBLIC "-//W3C//DTD XHTML 1.0 Transitional//EN"
    "http://www.w3.org/TR/xhtml1/DTD/xhtml1-transitional.dtd">
<html xmlns="http://www.w3.org/1999/xhtml" xml:lang="en" lang="en">
 <head>
  <title>
</title>
<meta http-equiv="Content-Type" content="text/html;charset=utf-8" />
  <meta name='ocr-system' content='tesseract 3.04.00' />
  <meta name='ocr-capabilities' content='ocr_page ocr_carea ocr_par ocr_line ocrx_word'/>
</head>
<body>
  <div class='ocr_page' id='page_1' title='image "./specimenliterar00epkegoog_0194.png"; bbox 0 0 3200 5525; ppageno 0'>
   <div class='ocr_carea' id='block_1_1' title="bbox 798 759 863 821">
    <p class='ocr_par' dir='ltr' id='par_1_1' title="bbox 798 759 863 821">
     <span class='ocr_line' id='line_1_1' title="bbox 798 759 863 821; baseline 0.015 -1"><span class='ocrx_word' id='word_1_1' title='bbox 798 759 863 821; x_wconf 88' lang='lat'>180</span> 
     </span>
    </p>
   </div>
   <div class='ocr_carea' id='block_1_2' title="bbox 335 935 1322 2718">
    <p class='ocr_par' dir='ltr' id='par_1_2' title="bbox 336 935 1322 2009">
     <span class='ocr_line' id='line_1_2' title="bbox 338 935 1322 1037; baseline 0.015 -35"><span class='ocrx_word' id='word_1_2' title='bbox 338 935 422 1002; x_wconf 80' lang='lat' dir='ltr'>Libr.</span> <span class='ocrx_word' id='word_1_3' title='bbox 439 936 544 1017; x_wconf 84' lang='lat' dir='ltr'>LXII,</span> <span class='ocrx_word' id='word_1_4' title='bbox 555 960 625 1026; x_wconf 76' lang='lat' dir='ltr'>pag.</span> <span class='ocrx_word' id='word_1_5' title='bbox 640 940 703 1004; x_wconf 87' lang='grc'>707</span> <span class='ocrx_word' id='word_1_6' title='bbox 717 936 759 1003; x_wconf 84' lang='lat' dir='ltr'>O:</span> <span class='ocrx_word' id='word_1_7' title='bbox 775 952 938 1027; x_wconf 70' lang='lat' dir='ltr'>„dvonottc</span> <span class='ocrx_word' id='word_1_8' title='bbox 961 954 1075 1029; x_wconf 74' lang='grc' dir='ltr'><strong><em>τρόπων</em></strong></span> <span class='ocrx_word' id='word_1_9' title='bbox 1095 959 1187 1030; x_wconf 75' lang='grc' dir='ltr'><strong><em>πολλῇ</em></strong></span> <span class='ocrx_word' id='word_1_10' title='bbox 1204 958 1322 1037; x_wconf 72' lang='grc' dir='ltr'>ἐχρῆτο,</span> 
     </span>
     <span class='ocr_line' id='line_1_3' title="bbox 341 1055 1322 1139; baseline 0.01 -28"><span class='ocrx_word' id='word_1_11' title='bbox 341 1055 435 1126; x_wconf 74' lang='lat' dir='ltr'>„ciere</span> <span class='ocrx_word' id='word_1_12' title='bbox 454 1056 526 1129; x_wconf 73' lang='grc' dir='ltr'>μήτε</span> <span class='ocrx_word' id='word_1_13' title='bbox 539 1065 601 1121; x_wconf 76' lang='grc' dir='ltr'><strong><em>τοῖς</em></strong></span> <span class='ocrx_word' id='word_1_14' title='bbox 621 1055 751 1121; x_wconf 71' lang='grc' dir='ltr'>οἰκέταις</span> <span class='ocrx_word' id='word_1_15' title='bbox 772 1055 845 1129; x_wconf 71' lang='grc' dir='ltr'>μήτε</span> <span class='ocrx_word' id='word_1_16' title='bbox 868 1068 930 1121; x_wconf 77' lang='grc' dir='ltr'><strong><em>τοῖς</em></strong></span> <span class='ocrx_word' id='word_1_17' title='bbox 951 1057 1113 1135; x_wconf 78' lang='grc' dir='ltr'><strong><em>ἐλευθέροις</em></strong></span> <span class='ocrx_word' id='word_1_18' title='bbox 1133 1060 1322 1139; x_wconf 74' lang='grc' dir='ltr'>διαλέγεσθαό</span> 
     </span>
     <span class='ocr_line' id='line_1_4' title="bbox 340 1158 1321 1240; baseline 0.01 -25"><span class='ocrx_word' id='word_1_19' title='bbox 340 1180 398 1234; x_wconf 67' lang='lat'>”¹⁴2</span> <span class='ocrx_word' id='word_1_20' title='bbox 420 1158 517 1224; x_wconf 78' lang='grc' dir='ltr'><em>ἄλλ’ἑς</em></span> <span class='ocrx_word' id='word_1_21' title='bbox 548 1170 729 1237; x_wconf 76' lang='grc' dir='ltr'><strong><em>γραμματεῖα</em></strong></span> <span class='ocrx_word' id='word_1_22' title='bbox 759 1160 903 1216; x_wconf 81' lang='grc' dir='ltr'>πάνθ’ὅσα</span> <span class='ocrx_word' id='word_1_23' title='bbox 916 1201 918 1204; x_wconf 81' lang='lat'><em>.</em></span> <span class='ocrx_word' id='word_1_24' title='bbox 931 1161 1071 1234; x_wconf 73' lang='grc' dir='ltr'>ἐβούλετο</span> <span class='ocrx_word' id='word_1_25' title='bbox 1092 1167 1141 1219; x_wconf 76' lang='grc' dir='ltr'>καὶ</span> <span class='ocrx_word' id='word_1_26' title='bbox 1162 1169 1321 1240; x_wconf 64' lang='lat' dir='ltr'>necesaria·</span> 
     </span>
     <span class='ocr_line' id='line_1_5' title="bbox 339 1260 1320 1351; baseline 0.002 -22"><span class='ocrx_word' id='word_1_27' title='bbox 339 1292 392 1345; x_wconf 75' lang='lat' dir='ltr'>„oe</span> <span class='ocrx_word' id='word_1_28' title='bbox 422 1294 543 1348; x_wconf 73' lang='grc' dir='ltr'>σφισιν,</span> <span class='ocrx_word' id='word_1_29' title='bbox 571 1268 758 1351; x_wconf 65' lang='grc' dir='ltr'>ἐςγράφειν.”</span> <span class='ocrx_word' id='word_1_30' title='bbox 800 1260 887 1324; x_wconf 89' lang='lat' dir='ltr'><strong>Idem</strong></span> <span class='ocrx_word' id='word_1_31' title='bbox 919 1260 981 1326; x_wconf 89' lang='lat' dir='ltr'>fero</span> <span class='ocrx_word' id='word_1_32' title='bbox 1011 1264 1140 1329; x_wconf 83' lang='lat' dir='ltr'>affirmat</span> <span class='ocrx_word' id='word_1_33' title='bbox 1171 1264 1320 1331; x_wconf 76' lang='lat' dir='ltr'>Tucrrus</span> 
     </span>
     <span class='ocr_line' id='line_1_6' title="bbox 337 1372 1320 1460; baseline 0.009 -24"><span class='ocrx_word' id='word_1_34' title='bbox 337 1374 451 1438; x_wconf 76' lang='lat' dir='ltr'>Annei.</span> <span class='ocrx_word' id='word_1_35' title='bbox 486 1373 571 1440; x_wconf 90' lang='lat' dir='ltr'>Libr.</span> <span class='ocrx_word' id='word_1_36' title='bbox 603 1372 700 1450; x_wconf 89' lang='lat' dir='ltr'>XIII,</span> <span class='ocrx_word' id='word_1_37' title='bbox 724 1394 790 1459; x_wconf 86' lang='lat' dir='ltr'>cap.</span> <span class='ocrx_word' id='word_1_38' title='bbox 817 1372 948 1449; x_wconf 86' lang='lat' dir='ltr'>XXIII,</span> <span class='ocrx_word' id='word_1_39' title='bbox 973 1373 1036 1453; x_wconf 89' lang='lat' dir='ltr'>ubi,</span> <span class='ocrx_word' id='word_1_40' title='bbox 1058 1397 1153 1460; x_wconf 89' lang='lat' dir='ltr'>quum</span> <span class='ocrx_word' id='word_1_41' title='bbox 1171 1377 1206 1442; x_wconf 92' lang='lat' dir='ltr'>in</span> <span class='ocrx_word' id='word_1_42' title='bbox 1228 1402 1320 1445; x_wconf 86' lang='lat' dir='ltr'>accu-</span> 
     </span>
     <span class='ocr_line' id='line_1_7' title="bbox 338 1485 1320 1578; baseline 0.006 -25"><span class='ocrx_word' id='word_1_43' title='bbox 338 1487 455 1553; x_wconf 82' lang='lat' dir='ltr'>satione</span> <span class='ocrx_word' id='word_1_44' title='bbox 489 1488 544 1552; x_wconf 90' lang='lat' dir='ltr'>illa</span> <span class='ocrx_word' id='word_1_45' title='bbox 575 1485 796 1572; x_wconf 86' lang='lat' dir='ltr'>conjurationis</span> <span class='ocrx_word' id='word_1_46' title='bbox 825 1486 928 1552; x_wconf 88' lang='lat' dir='ltr'>liberti</span> <span class='ocrx_word' id='word_1_47' title='bbox 962 1496 1220 1570; x_wconf 81' lang='lat' dir='ltr'>enumerarentur,</span> <span class='ocrx_word' id='word_1_48' title='bbox 1242 1515 1320 1578; x_wconf 88' lang='lat' dir='ltr'>quos</span> 
     </span>
     <span class='ocr_line' id='line_1_8' title="bbox 338 1598 1318 1689; baseline 0.007 -23"><span class='ocrx_word' id='word_1_49' title='bbox 338 1600 475 1667; x_wconf 84' lang='lat' dir='ltr'>conscios</span> <span class='ocrx_word' id='word_1_50' title='bbox 495 1600 627 1678; x_wconf 87' lang='lat' dir='ltr'>haberet,</span> <span class='ocrx_word' id='word_1_51' title='bbox 650 1598 764 1664; x_wconf 84' lang='lat' dir='ltr'>dixisse</span> <span class='ocrx_word' id='word_1_52' title='bbox 779 1600 884 1665; x_wconf 87' lang='lat' dir='ltr'>fertur:</span> <span class='ocrx_word' id='word_1_53' title='bbox 910 1600 1008 1665; x_wconf 72' lang='lat' dir='ltr'>anihil</span> <span class='ocrx_word' id='word_1_54' title='bbox 1026 1625 1159 1689; x_wconf 87' lang='lat' dir='ltr'>unquam</span> <span class='ocrx_word' id='word_1_55' title='bbox 1182 1628 1215 1671; x_wconf 89' lang='lat' dir='ltr'>sc</span> <span class='ocrx_word' id='word_1_56' title='bbox 1235 1606 1318 1673; x_wconf 91' lang='lat' dir='ltr'>domi</span> 
     </span>
     <span class='ocr_line' id='line_1_9' title="bbox 338 1714 1319 1803; baseline 0.01 -28"><span class='ocrx_word' id='word_1_57' title='bbox 338 1715 418 1781; x_wconf 72' lang='lat' dir='ltr'>anisi</span> <span class='ocrx_word' id='word_1_58' title='bbox 443 1720 523 1782; x_wconf 89' lang='lat' dir='ltr'>nutu</span> <span class='ocrx_word' id='word_1_59' title='bbox 546 1720 600 1781; x_wconf 85' lang='lat' dir='ltr'>aut</span> <span class='ocrx_word' id='word_1_60' title='bbox 619 1736 712 1779; x_wconf 89' lang='lat' dir='ltr'>mauu</span> <span class='ocrx_word' id='word_1_61' title='bbox 744 1714 932 1800; x_wconf 85' lang='lat' dir='ltr'>significasse</span> <span class='ocrx_word' id='word_1_62' title='bbox 956 1716 1013 1795; x_wconf 87' lang='lat' dir='ltr'>vel,</span> <span class='ocrx_word' id='word_1_63' title='bbox 1036 1716 1062 1781; x_wconf 87' lang='lat' dir='ltr'>si</span> <span class='ocrx_word' id='word_1_64' title='bbox 1086 1718 1174 1803; x_wconf 87' lang='lat' dir='ltr'>plura</span> <span class='ocrx_word' id='word_1_65' title='bbox 1193 1720 1319 1785; x_wconf 91' lang='lat' dir='ltr'>demon·</span> 
     </span>
     <span class='ocr_line' id='line_1_10' title="bbox 339 1826 1318 1915; baseline 0.012 -25"><span class='ocrx_word' id='word_1_66' title='bbox 339 1831 483 1895; x_wconf 72' lang='lat' dir='ltr'>nstranda</span> <span class='ocrx_word' id='word_1_67' title='bbox 519 1834 629 1909; x_wconf 89' lang='lat' dir='ltr'>essent,</span> <span class='ocrx_word' id='word_1_68' title='bbox 665 1829 780 1915; x_wconf 87' lang='lat' dir='ltr'>scripto</span> <span class='ocrx_word' id='word_1_69' title='bbox 816 1853 916 1909; x_wconf 87' lang='lat' dir='ltr'>usum,</span> <span class='ocrx_word' id='word_1_70' title='bbox 951 1853 989 1897; x_wconf 91' lang='lat' dir='ltr'>ne</span> <span class='ocrx_word' id='word_1_71' title='bbox 1022 1854 1126 1899; x_wconf 89' lang='lat' dir='ltr'>vocem</span> <span class='ocrx_word' id='word_1_72' title='bbox 1162 1826 1318 1901; x_wconf 84' lang='lat' dir='ltr'>consocia-</span> 
     </span>
     <span class='ocr_line' id='line_1_11' title="bbox 336 1942 530 2009; baseline 0.005 0"><span class='ocrx_word' id='word_1_73' title='bbox 336 1943 412 2009; x_wconf 86' lang='lat' dir='ltr'>ret-.&#39;&#39;</span> <span class='ocrx_word' id='word_1_74' title='bbox 524 1942 530 1952; x_wconf 79' lang='grc'><em>’</em></span> 
     </span>
    </p>

    <p class='ocr_par' dir='ltr' id='par_1_3' title="bbox 335 2057 1319 2718">
     <span class='ocr_line' id='line_1_12' title="bbox 382 2057 1319 2147; baseline 0.006 -23"><span class='ocrx_word' id='word_1_75' title='bbox 382 2059 549 2144; x_wconf 82' lang='lat' dir='ltr'>Nunquam</span> <span class='ocrx_word' id='word_1_76' title='bbox 570 2058 705 2124; x_wconf 71' lang='lat' dir='ltr'>Prinos</span> <span class='ocrx_word' id='word_1_77' title='bbox 730 2079 800 2121; x_wconf 91' lang='lat' dir='ltr'>cum</span> <span class='ocrx_word' id='word_1_78' title='bbox 821 2057 966 2123; x_wconf 83' lang='lat' dir='ltr'>Nuuoun</span> <span class='ocrx_word' id='word_1_79' title='bbox 990 2059 1023 2123; x_wconf 92' lang='lat' dir='ltr'>in</span> <span class='ocrx_word' id='word_1_80' title='bbox 1046 2061 1177 2147; x_wconf 85' lang='lat' dir='ltr'>gratiam</span> <span class='ocrx_word' id='word_1_81' title='bbox 1193 2062 1319 2130; x_wconf 88' lang='lat' dir='ltr'>rediisse</span> 
     </span>
     <span class='ocr_line' id='line_1_13' title="bbox 336 2172 1316 2263; baseline 0.004 -23"><span class='ocrx_word' id='word_1_82' title='bbox 336 2174 467 2253; x_wconf 88' lang='lat' dir='ltr'>videtur,</span> <span class='ocrx_word' id='word_1_83' title='bbox 500 2176 576 2260; x_wconf 91' lang='lat' dir='ltr'>quin</span> <span class='ocrx_word' id='word_1_84' title='bbox 613 2174 703 2239; x_wconf 89' lang='lat' dir='ltr'>etiam</span> <span class='ocrx_word' id='word_1_85' title='bbox 736 2174 774 2237; x_wconf 90' lang='lat' dir='ltr'>A.</span> <span class='ocrx_word' id='word_1_86' title='bbox 797 2172 840 2237; x_wconf 89' lang='lat' dir='ltr'>U.</span> <span class='ocrx_word' id='word_1_87' title='bbox 875 2176 939 2237; x_wconf 88' lang='lat'>815</span> <span class='ocrx_word' id='word_1_88' title='bbox 978 2175 1020 2259; x_wconf 87' lang='lat' dir='ltr'>(p.</span> <span class='ocrx_word' id='word_1_89' title='bbox 1044 2174 1117 2239; x_wconf 85' lang='lat' dir='ltr'>Ohr.</span> <span class='ocrx_word' id='word_1_90' title='bbox 1141 2179 1197 2263; x_wconf 78' lang='lat'>62)</span> <span class='ocrx_word' id='word_1_91' title='bbox 1219 2177 1256 2243; x_wconf 88' lang='lat' dir='ltr'>ab</span> <span class='ocrx_word' id='word_1_92' title='bbox 1279 2201 1316 2244; x_wconf 92' lang='lat' dir='ltr'>eo</span> 
     </span>
     <span class='ocr_line' id='line_1_14' title="bbox 335 2286 1316 2380; baseline 0.004 -25"><span class='ocrx_word' id='word_1_93' title='bbox 335 2289 515 2355; x_wconf 86' lang='lat' dir='ltr'>interfectus</span> <span class='ocrx_word' id='word_1_94' title='bbox 546 2311 611 2354; x_wconf 88' lang='lat' dir='ltr'>esse</span> <span class='ocrx_word' id='word_1_95' title='bbox 642 2291 783 2352; x_wconf 75' lang='lat' dir='ltr'>narratur</span> <span class='ocrx_word' id='word_1_96' title='bbox 815 2312 833 2351; x_wconf 87' lang='grc' dir='ltr'>ιι</span> <span class='ocrx_word' id='word_1_97' title='bbox 862 2286 975 2351; x_wconf 81' lang='lat' dir='ltr'>Dronu</span> <span class='ocrx_word' id='word_1_98' title='bbox 1012 2287 1201 2368; x_wconf 70' lang='lat' dir='ltr'>Cuss10‚ut</span> <span class='ocrx_word' id='word_1_99' title='bbox 1225 2315 1316 2380; x_wconf 79' lang='lat' dir='ltr'>supra</span> 
     </span>
     <span class='ocr_line' id='line_1_15' title="bbox 335 2403 1316 2489; baseline 0.003 -19"><span class='ocrx_word' id='word_1_100' title='bbox 335 2403 476 2470; x_wconf 81' lang='lat' dir='ltr'>vidimus.</span> <span class='ocrx_word' id='word_1_101' title='bbox 524 2404 672 2469; x_wconf 74' lang='lat' dir='ltr'>Ticinus</span> <span class='ocrx_word' id='word_1_102' title='bbox 708 2423 779 2467; x_wconf 88' lang='lat' dir='ltr'>vero</span> <span class='ocrx_word' id='word_1_103' title='bbox 812 2420 874 2465; x_wconf 90' lang='lat' dir='ltr'>non</span> <span class='ocrx_word' id='word_1_104' title='bbox 898 2404 1047 2489; x_wconf 84' lang='lat' dir='ltr'>expressis</span> <span class='ocrx_word' id='word_1_105' title='bbox 1078 2404 1178 2470; x_wconf 89' lang='lat' dir='ltr'>verbis</span> <span class='ocrx_word' id='word_1_106' title='bbox 1201 2407 1316 2473; x_wconf 83' lang='lat' dir='ltr'>Nunc-</span> 
     </span>
     <span class='ocr_line' id='line_1_16' title="bbox 335 2517 1315 2608; baseline 0.004 -23"><span class='ocrx_word' id='word_1_107' title='bbox 335 2518 419 2608; x_wconf 52' lang='lat' dir='ltr'>uurrf</span> <span class='ocrx_word' id='word_1_108' title='bbox 443 2520 544 2586; x_wconf 88' lang='lat' dir='ltr'>caedis</span> <span class='ocrx_word' id='word_1_109' title='bbox 572 2522 725 2584; x_wconf 83' lang='lat' dir='ltr'>auctorem</span> <span class='ocrx_word' id='word_1_110' title='bbox 758 2521 860 2596; x_wconf 82' lang='lat' dir='ltr'>vocat3</span> <span class='ocrx_word' id='word_1_111' title='bbox 884 2517 979 2581; x_wconf 87' lang='lat' dir='ltr'>tradit</span> <span class='ocrx_word' id='word_1_112' title='bbox 1007 2522 1127 2585; x_wconf 87' lang='lat' dir='ltr'>tautum</span> <span class='ocrx_word' id='word_1_113' title='bbox 1150 2522 1315 2589; x_wconf 78' lang='lat' dir='ltr'>credidisse</span> 
     </span>
     <span class='ocr_line' id='line_1_17' title="bbox 338 2631 1314 2718; baseline 0.004 -19"><span class='ocrx_word' id='word_1_114' title='bbox 338 2633 476 2700; x_wconf 87' lang='lat' dir='ltr'>homines</span> <span class='ocrx_word' id='word_1_115' title='bbox 511 2656 627 2700; x_wconf 88' lang='lat' dir='ltr'>veneno</span> <span class='ocrx_word' id='word_1_116' title='bbox 651 2654 719 2698; x_wconf 88' lang='lat' dir='ltr'>eum</span> <span class='ocrx_word' id='word_1_117' title='bbox 751 2631 788 2697; x_wconf 91' lang='lat' dir='ltr'>ab</span> <span class='ocrx_word' id='word_1_118' title='bbox 813 2631 993 2718; x_wconf 86' lang='lat' dir='ltr'>imperatore</span> <span class='ocrx_word' id='word_1_119' title='bbox 1016 2632 1210 2702; x_wconf 86' lang='lat' dir='ltr'>interfectum</span> <span class='ocrx_word' id='word_1_120' title='bbox 1232 2659 1314 2716; x_wconf 79' lang='lat' dir='ltr'>esse3</span> 
     </span>
    </p>
   </div>
   <div class='ocr_carea' id='block_1_3' title="bbox 335 2730 1314 3066">
    <p class='ocr_par' dir='ltr' id='par_1_4' title="bbox 335 2730 1314 3066">
     <span class='ocr_line' id='line_1_18' title="bbox 336 2730 1314 2836; baseline 0.005 -21"><span class='ocrx_word' id='word_1_121' title='bbox 336 2749 423 2836; x_wconf 85' lang='lat' dir='ltr'>cujus</span> <span class='ocrx_word' id='word_1_122' title='bbox 443 2748 544 2815; x_wconf 86' lang='lat' dir='ltr'>caedis</span> <span class='ocrx_word' id='word_1_123' title='bbox 564 2771 686 2814; x_wconf 85' lang='lat' dir='ltr'>eausam</span> <span class='ocrx_word' id='word_1_124' title='bbox 710 2730 836 2814; x_wconf 88' lang='lat' dir='ltr'>eandem</span> <span class='ocrx_word' id='word_1_125' title='bbox 860 2749 950 2830; x_wconf 89' lang='lat' dir='ltr'>atque</span> <span class='ocrx_word' id='word_1_126' title='bbox 974 2746 1041 2812; x_wconf 88' lang='lat' dir='ltr'>Dro</span> <span class='ocrx_word' id='word_1_127' title='bbox 1061 2748 1203 2818; x_wconf 73' lang='lat' dir='ltr'>Orssrus</span> <span class='ocrx_word' id='word_1_128' title='bbox 1226 2754 1314 2821; x_wconf 83' lang='lat' dir='ltr'>affert</span> 
     </span>
     <span class='ocr_line' id='line_1_19' title="bbox 335 2861 1313 2952; baseline 0.005 -24"><span class='ocrx_word' id='word_1_129' title='bbox 335 2863 483 2930; x_wconf 75' lang='lat' dir='ltr'>Tucruus</span> <span class='ocrx_word' id='word_1_130' title='bbox 511 2865 626 2928; x_wconf 79' lang='lat' dir='ltr'>Auacl.</span> <span class='ocrx_word' id='word_1_131' title='bbox 661 2861 745 2927; x_wconf 88' lang='lat' dir='ltr'>Libr.</span> <span class='ocrx_word' id='word_1_132' title='bbox 781 2861 873 2940; x_wconf 87' lang='lat' dir='ltr'>XIV,</span> <span class='ocrx_word' id='word_1_133' title='bbox 908 2883 973 2948; x_wconf 88' lang='lat' dir='ltr'>cap.</span> <span class='ocrx_word' id='word_1_134' title='bbox 999 2863 1107 2928; x_wconf 88' lang='lat' dir='ltr'>LXV:</span> <span class='ocrx_word' id='word_1_135' title='bbox 1133 2866 1235 2952; x_wconf 71' lang='lat' dir='ltr'>equod</span> <span class='ocrx_word' id='word_1_136' title='bbox 1254 2868 1313 2932; x_wconf 91' lang='lat' dir='ltr'>im·</span> 
     </span>
     <span class='ocr_line' id='line_1_20' title="bbox 335 2975 1136 3066; baseline 0.006 -28"><span class='ocrx_word' id='word_1_137' title='bbox 335 2999 489 3044; x_wconf 70' lang='lat' dir='ltr'>emensam</span> <span class='ocrx_word' id='word_1_138' title='bbox 513 2977 673 3066; x_wconf 89' lang='lat' dir='ltr'>pecuniam</span> <span class='ocrx_word' id='word_1_139' title='bbox 697 2976 789 3064; x_wconf 87' lang='lat' dir='ltr'>longa</span> <span class='ocrx_word' id='word_1_140' title='bbox 813 2979 934 3041; x_wconf 82' lang='lat' dir='ltr'>senecta</span> <span class='ocrx_word' id='word_1_141' title='bbox 954 2975 1136 3043; x_wconf 87' lang='lat' dir='ltr'>detineret.”</span> 
     </span>
    </p>
   </div>
   <div class='ocr_carea' id='block_1_4' title="bbox 330 3203 1312 3866">
    <p class='ocr_par' dir='ltr' id='par_1_5' title="bbox 330 3203 1312 3866">
     <span class='ocr_line' id='line_1_21' title="bbox 380 3203 1312 3293; baseline 0.003 -21"><span class='ocrx_word' id='word_1_142' title='bbox 380 3207 521 3272; x_wconf 89' lang='lat' dir='ltr'>Duorum</span> <span class='ocrx_word' id='word_1_143' title='bbox 545 3210 698 3293; x_wconf 86' lang='lat' dir='ltr'>praeterea</span> <span class='ocrx_word' id='word_1_144' title='bbox 733 3203 913 3270; x_wconf 90' lang='lat' dir='ltr'>libertorum</span> <span class='ocrx_word' id='word_1_145' title='bbox 936 3205 1059 3270; x_wconf 87' lang='lat' dir='ltr'>nomina</span> <span class='ocrx_word' id='word_1_146' title='bbox 1082 3206 1115 3271; x_wconf 93' lang='lat' dir='ltr'>in</span> <span class='ocrx_word' id='word_1_147' title='bbox 1134 3207 1245 3274; x_wconf 83' lang='lat' dir='ltr'>Satiris</span> <span class='ocrx_word' id='word_1_148' title='bbox 1268 3209 1312 3275; x_wconf 87' lang='lat' dir='ltr'>le-</span> 
     </span>
     <span class='ocr_line' id='line_1_22' title="bbox 331 3319 1312 3408; baseline 0.007 -24"><span class='ocrx_word' id='word_1_149' title='bbox 331 3326 457 3408; x_wconf 78' lang='lat' dir='ltr'>guntur,</span> <span class='ocrx_word' id='word_1_150' title='bbox 479 3342 607 3405; x_wconf 87' lang='lat' dir='ltr'>quorum</span> <span class='ocrx_word' id='word_1_151' title='bbox 635 3320 693 3384; x_wconf 87' lang='lat' dir='ltr'>etsi</span> <span class='ocrx_word' id='word_1_152' title='bbox 717 3319 884 3384; x_wconf 86' lang='lat' dir='ltr'>auctoritas</span> <span class='ocrx_word' id='word_1_153' title='bbox 908 3341 971 3384; x_wconf 90' lang='lat' dir='ltr'>non</span> <span class='ocrx_word' id='word_1_154' title='bbox 991 3325 1078 3386; x_wconf 88' lang='lat' dir='ltr'>tanta</span> <span class='ocrx_word' id='word_1_155' title='bbox 1097 3322 1219 3407; x_wconf 87' lang='lat' dir='ltr'>quidem</span> <span class='ocrx_word' id='word_1_156' title='bbox 1242 3324 1312 3406; x_wconf 82' lang='lat' dir='ltr'>fuit,</span> 
     </span>
     <span class='ocr_line' id='line_1_23' title="bbox 335 3433 1311 3521; baseline 0.005 -22"><span class='ocrx_word' id='word_1_157' title='bbox 335 3438 449 3519; x_wconf 87' lang='lat' dir='ltr'>quanta</span> <span class='ocrx_word' id='word_1_158' title='bbox 462 3455 575 3512; x_wconf 87' lang='lat' dir='ltr'>eorum,</span> <span class='ocrx_word' id='word_1_159' title='bbox 598 3433 757 3520; x_wconf 89' lang='lat' dir='ltr'>dequibus</span> <span class='ocrx_word' id='word_1_160' title='bbox 770 3433 898 3521; x_wconf 83' lang='lat' dir='ltr'>egimus,</span> <span class='ocrx_word' id='word_1_161' title='bbox 921 3433 1023 3519; x_wconf 90' lang='lat' dir='ltr'>aliquo</span> <span class='ocrx_word' id='word_1_162' title='bbox 1036 3437 1142 3502; x_wconf 90' lang='lat' dir='ltr'>saltem</span> <span class='ocrx_word' id='word_1_163' title='bbox 1153 3436 1268 3504; x_wconf 89' lang='lat' dir='ltr'>honore</span> <span class='ocrx_word' id='word_1_164' title='bbox 1279 3444 1311 3505; x_wconf 88' lang='lat' dir='ltr'>et</span> 
     </span>
     <span class='ocr_line' id='line_1_24' title="bbox 333 3548 1310 3636; baseline 0.005 -24"><span class='ocrx_word' id='word_1_165' title='bbox 333 3548 483 3636; x_wconf 85' lang='lat' dir='ltr'>dignitate</span> <span class='ocrx_word' id='word_1_166' title='bbox 506 3549 600 3615; x_wconf 87' lang='lat' dir='ltr'>fuisse</span> <span class='ocrx_word' id='word_1_167' title='bbox 620 3549 802 3636; x_wconf 85' lang='lat' dir='ltr'>reperimus;</span> <span class='ocrx_word' id='word_1_168' title='bbox 838 3548 987 3616; x_wconf 85' lang='lat' dir='ltr'>Posrnuu</span> <span class='ocrx_word' id='word_1_169' title='bbox 1011 3550 1080 3617; x_wconf 92' lang='lat' dir='ltr'>dico</span> <span class='ocrx_word' id='word_1_170' title='bbox 1100 3557 1131 3618; x_wconf 89' lang='lat' dir='ltr'>ct</span> <span class='ocrx_word' id='word_1_171' title='bbox 1154 3553 1310 3620; x_wconf 73' lang='lat' dir='ltr'>Scauru-</span> 
     </span>
     <span class='ocr_line' id='line_1_25' title="bbox 333 3661 1310 3752; baseline 0.006 -24"><span class='ocrx_word' id='word_1_172' title='bbox 333 3683 412 3743; x_wconf 82' lang='lat' dir='ltr'>uuu,</span> <span class='ocrx_word' id='word_1_173' title='bbox 446 3686 576 3752; x_wconf 88' lang='lat' dir='ltr'>quorum</span> <span class='ocrx_word' id='word_1_174' title='bbox 619 3665 707 3729; x_wconf 91' lang='lat' dir='ltr'>illum</span> <span class='ocrx_word' id='word_1_175' title='bbox 746 3661 903 3731; x_wconf 77' lang='lat' dir='ltr'>Curunro</span> <span class='ocrx_word' id='word_1_176' title='bbox 934 3665 1110 3752; x_wconf 82' lang='lat' dir='ltr'>imperante,</span> <span class='ocrx_word' id='word_1_177' title='bbox 1143 3665 1225 3733; x_wconf 91' lang='lat' dir='ltr'>hunc</span> <span class='ocrx_word' id='word_1_178' title='bbox 1252 3668 1310 3735; x_wconf 86' lang='lat' dir='ltr'>sub</span> 
     </span>
     <span class='ocr_line' id='line_1_26' title="bbox 330 3777 780 3866; baseline -0.004 -24"><span class='ocrx_word' id='word_1_179' title='bbox 330 3778 491 3845; x_wconf 85' lang='lat' dir='ltr'>Aueusuo</span> <span class='ocrx_word' id='word_1_180' title='bbox 510 3778 623 3844; x_wconf 85' lang='lat' dir='ltr'>vixisse</span> <span class='ocrx_word' id='word_1_181' title='bbox 642 3777 780 3866; x_wconf 80' lang='lat' dir='ltr'>legimus.</span> 
     </span>
    </p>
   </div>
   <div class='ocr_carea' id='block_1_5' title="bbox 375 4012 1087 4091">
    <p class='ocr_par' dir='ltr' id='par_1_6' title="bbox 375 4012 1087 4091">
     <span class='ocr_line' id='line_1_27' title="bbox 375 4012 1087 4091; baseline -0.003 -10"><span class='ocrx_word' id='word_1_182' title='bbox 375 4015 518 4081; x_wconf 84' lang='lat' dir='ltr'>Posrnus</span> <span class='ocrx_word' id='word_1_183' title='bbox 541 4018 725 4079; x_wconf 89' lang='lat' dir='ltr'>memoratur</span> <span class='ocrx_word' id='word_1_184' title='bbox 749 4013 814 4077; x_wconf 84' lang='lat' dir='ltr'>Sat.</span> <span class='ocrx_word' id='word_1_185' title='bbox 837 4012 932 4091; x_wconf 84' lang='lat' dir='ltr'>XIV,</span> <span class='ocrx_word' id='word_1_186' title='bbox 956 4035 1000 4082; x_wconf 86' lang='lat' dir='ltr'>vs.</span> <span class='ocrx_word' id='word_1_187' title='bbox 1029 4019 1087 4082; x_wconf 84' lang='lat'>91:</span> 
     </span>
    </p>
   </div>
   <div class='ocr_carea' id='block_1_6' title="bbox 410 4189 1164 4271">
    <p class='ocr_par' dir='ltr' id='par_1_7' title="bbox 410 4189 1164 4271">
     <span class='ocr_line' id='line_1_28' title="bbox 410 4189 1164 4271; baseline 0.001 -17"><span class='ocrx_word' id='word_1_188' title='bbox 410 4197 444 4255; x_wconf 87' lang='lat' dir='ltr'>nt</span> <span class='ocrx_word' id='word_1_189' title='bbox 463 4192 557 4271; x_wconf 85' lang='lat' dir='ltr'>spado</span> <span class='ocrx_word' id='word_1_190' title='bbox 577 4191 716 4254; x_wconf 87' lang='lat' dir='ltr'>vincebat</span> <span class='ocrx_word' id='word_1_191' title='bbox 740 4189 886 4269; x_wconf 78' lang='lat' dir='ltr'>Capitolia</span> <span class='ocrx_word' id='word_1_192' title='bbox 907 4197 1009 4254; x_wconf 88' lang='lat' dir='ltr'>nostra</span> <span class='ocrx_word' id='word_1_193' title='bbox 1028 4193 1164 4258; x_wconf 85' lang='lat' dir='ltr'>Posides.</span> 
     </span>
    </p>
   </div>
   <div class='ocr_carea' id='block_1_7' title="bbox 327 4360 1307 4565">
    <p class='ocr_par' dir='ltr' id='par_1_8' title="bbox 327 4360 1307 4565">
     <span class='ocr_line' id='line_1_29' title="bbox 375 4360 1307 4446; baseline 0.001 -16"><span class='ocrx_word' id='word_1_194' title='bbox 375 4363 471 4430; x_wconf 90' lang='lat' dir='ltr'>Hunc</span> <span class='ocrx_word' id='word_1_195' title='bbox 505 4383 624 4446; x_wconf 90' lang='lat' dir='ltr'>quoque</span> <span class='ocrx_word' id='word_1_196' title='bbox 660 4361 808 4424; x_wconf 73' lang='lat' dir='ltr'>Oruunrr</span> <span class='ocrx_word' id='word_1_197' title='bbox 843 4360 986 4426; x_wconf 82' lang='lat' dir='ltr'>libertum</span> <span class='ocrx_word' id='word_1_198' title='bbox 1008 4362 1101 4427; x_wconf 85' lang='lat' dir='ltr'>fuisse</span> <span class='ocrx_word' id='word_1_199' title='bbox 1125 4362 1252 4430; x_wconf 86' lang='lat' dir='ltr'>divitem</span> <span class='ocrx_word' id='word_1_200' title='bbox 1275 4370 1307 4431; x_wconf 92' lang='lat' dir='ltr'>ct</span> 
     </span>
     <span class='ocr_line' id='line_1_30' title="bbox 327 4474 1306 4565; baseline -0.001 -20"><span class='ocrx_word' id='word_1_201' title='bbox 327 4482 491 4564; x_wconf 86' lang='lat' dir='ltr'>potentem,</span> <span class='ocrx_word' id='word_1_202' title='bbox 513 4497 694 4563; x_wconf 89' lang='lat' dir='ltr'>quamquam</span> <span class='ocrx_word' id='word_1_203' title='bbox 707 4475 879 4540; x_wconf 71' lang='lat' dir='ltr'>Nuncrsso</span> <span class='ocrx_word' id='word_1_204' title='bbox 899 4474 1026 4560; x_wconf 86' lang='lat' dir='ltr'>aliisque</span> <span class='ocrx_word' id='word_1_205' title='bbox 1038 4476 1306 4565; x_wconf 77' lang='lat' dir='ltr'>inferioremcog·</span> 
     </span>
    </p>
   </div>
   <div class='ocr_carea' id='block_1_8' title="bbox 0 0 1604 5525">
    <p class='ocr_par' dir='ltr' id='par_1_9' title="bbox 0 0 1604 5525">
     <span class='ocr_line' id='line_1_31' title="bbox 0 0 1604 5525; baseline 0 5"><span class='ocrx_word' id='word_1_206' title='bbox 0 0 1604 5525; x_wconf 95' lang='lat' dir='ltr'> </span> 
     </span>
    </p>
   </div>
  </div>
 </body>
</html>
