3200 5525
793 740 859 802 114

261 944 265 956 =
334 922 464 983 retorem
488 919 610 983 Snrnnr
630 917 789 985 inimicum
813 921 846 985 in
858 922 910 1006 jus
930 926 1071 987 vocatum
1090 924 1268 1007 absolvisse,
1282 931 1315 994 in

334 1032 463 1119 epistola
485 1033 526 1097 ad
552 1038 693 1097 senat-um
717 1035 877 1100 Snrnnnu
890 1037 1062 1102 nominasse
1075 1038 1169 1103 nullis
1192 1041 1317 1123 additis,

333 1151 369 1212 ut
392 1147 517 1225 solebat,
538 1147 650 1225 titulis,
672 1148 808 1213 vetuisse
820 1149 949 1234 deniqne
965 1173 1004 1214 ne
1026 1151 1076 1215 cni
1089 1150 1207 1217 homini
1221 1160 1314 1221 sacri·

332 1263 482 1341 licaretur,
506 1285 598 1347 quum
619 1263 733 1349 optimc
757 1265 849 1327 sciret
872 1265 1003 1331 sinuo
1029 1269 1193 1333 sacratiori
1207 1270 1314 1350 solere,

332 1377 443 1463 quibus
470 1377 560 1444 rebus
591 1378 731 1442 effectum
764 1382 819 1455 est,
854 1383 891 1441 ut
914 1380 1046 1465 populus
1070 1381 1229 1447 Snrnnuu
1247 1386 1312 1469 jam

333 1496 524 1556 contemnere
544 1513 580 1555 ac
616 1492 751 1556 deserere
773 1490 930 1577 inciperet,
964 1494 1216 1577 quemadmodum
1251 1498 1313 1563 Ju-

330 1624 474 1670 vnunnrs
495 1604 602 1670 scribit
621 1606 684 1669 Sat.
708 1604 750 1684 X,
773 1628 816 1670 vs.
839 1608 882 1671 72
911 1629 991 1691 sqq.:

410 1887 498 1952 turba
517 1889 630 1951 Remi?
653 1890 787 1967 sequitur
806 1889 963 1968 fortunam,
985 1896 1018 1952 nt
1039 1791 1290 1973 sennebebtbblib

410 1991 576 2054 damnatos.

376 2165 541 2228 Tranurns
564 2162 660 2248 igitur
678 2164 741 2246 jam
762 2166 882 2248 tempus
905 2185 970 2227 esse
994 2169 1079 2229 retus
1102 2167 1224 2232 Snrnur
1243 2172 1309 2233 cxi-

327 2276 405 2342 tium
437 2276 628 2364 properandi,
663 2297 767 2361 sparso
787 2298 909 2340 rumore
933 2300 964 2341 se
989 2278 1016 2341 ei
1037 2278 1233 2345 tribuniciam
1253 2304 1308 2367 po-

322 2394 468 2457 testatem
496 2412 560 2455 csse
592 2390 744 2468 daturum,
779 2389 856 2454 clam
890 2390 1087 2455 Snnronrun
1111 2391 1307 2459 Mncnounn

326 2504 525 2593 praetorianis
557 2503 711 2590 praefecit,
743 2504 830 2588 eique
866 2503 970 2567 literas
994 2505 1032 2568 ad
1049 2511 1185 2570 senatum
1209 2509 1307 2593 perfe-

327 2622 437 2687 rendas
460 2620 598 2699 tradidit,
621 2620 731 2705 quibus
752 2620 902 2685 Snrnuus
915 2626 1115 2687 accusaretur.
1138 2623 1201 2695 Qui
1213 2630 1303 2710 post·

326 2758 417 2823 quam
440 2737 568 2802 Romam
589 2734 735 2822 pervenit,
750 2738 872 2821 postero
896 2735 945 2800 die
969 2736 1136 2814 Somnum,
1160 2738 1197 2801 ad
1218 2760 1305 2804 sena-

325 2855 390 2916 tum
415 2874 447 2916 se
471 2851 685 2936 conferentem,
709 2849 870 2927 allocutus,
892 2850 920 2914 ei
941 2853 1097 2917 nuntiavit
1108 2852 1303 2918 tribuniciam

325 2988 357 3030 se
380 2965 418 3030 ad
442 2987 510 3030 enm
531 2965 645 3030 deferre
664 2968 854 3050 potestatem,
877 2962 927 3028 cui
951 2967 1062 3030 nuntio
1087 2967 1176 3030 fidem
1189 2967 1304 3034 habens

323 3078 376 3145 ille
396 3080 509 3144 curiam
533 3079 689 3164 ingrersus
709 3082 763 3142 est.
811 3078 935 3142 Mncuo
959 3079 1075 3143 interea
1096 3084 1305 3164 praetorianos

323 3193 357 3257 in
393 3197 492 3258 castra
522 3192 623 3278 ooe'git
642 3192 740 3275 iisque
763 3191 922 3254 nuntiavit
940 3191 1016 3275 quid
1036 3193 1095 3256 sibi
1119 3215 1137 3255 a
1157 3193 1305 3260 Trnnuro

324 3312 404 3372 esset
426 3305 611 3370 mandatum.
658 3304 817 3388 Templum
843 3304 961 3381 deinde,
983 3305 1036 3368 ubi
1061 3309 1184 3370 senatus
1208 3305 1303 3374 habe-

323 3419 422 3496 batur,
445 3415 623 3480 custodibus
642 3417 801 3480 nocturnis
813 3438 907 3500 quum
918 3417 1073 3496 cinxisset,
1084 3419 1195 3502 quibus
1215 3443 1303 3506 prse-

323 3537 388 3597 erat
419 3530 595 3594 Gunoruus
630 3531 732 3609 Luco,
765 3531 830 3617 ipse
855 3533 893 3596 ad
917 3535 1177 3619 praetorianorum
1202 3542 1302 3602 castra

322 3646 415 3712 rediit
447 3650 592 3711 cauturus
614 3669 653 3711 ne
678 3647 947 3712 tumultuarentur.
994 3650 1033 3713 In
1054 3655 1162 3714 senatu
1184 3650 1301 3716 interea

321 3763 427 3829 literae
461 3761 652 3847 imperatoris
683 3761 778 3826 lectae
816 3767 898 3841 sunt,
932 3762 1043 3847 quibus
1078 3765 1176 3849 primo
1192 3763 1300 3830 leviter

321 3877 479 3943 Snrnnnu
507 3875 709 3961 reprehendit,
733 3876 842 3940 deinde
862 3875 1124 3942 vehementissime
1145 3879 1299 3943 accusavit

317 3991 472 4077 jussitque
503 3989 536 4052 in
566 3991 706 4054 custodia
739 4013 807 4054 eum
839 4012 903 4054 esse
940 3989 1120 4055 habendum.
1156 3991 1299 4078 Cognitis

319 4103 510 4190 imperatoris
541 4105 706 4182 mandatis,
729 4127 834 4168 omnes
866 4103 929 4168 fere
950 4108 1111 4183 senatores,
1134 4104 1188 4188 qni
1208 4105 1298 4169 modo

321 4219 358 4284 de
393 4220 511 4296 oblato,
546 4225 581 4284 ut
615 4219 780 4306 putabant,
823 4217 1005 4284 tribuniciae
1045 4219 1205 4305 potestatis
1240 4219 1296 4285 ho·

319 4327 392 4400 nore
416 4336 443 4399 ei
470 4334 673 4422 congratulati
697 4335 826 4412 fuerant,
850 4335 980 4399 clamore
1001 4339 1032 4398 et
1044 4335 1214 4400 maledictis
1226 4358 1296 4401 eum

318 4451 542 4536 increpuerunt.
589 4448 746 4512 Postremo
783 4453 884 4516 autem
904 4449 1009 4514 consu]
1035 4448 1204 4515 Minurus
1228 4440 1295 4514 R'n-
