3200 5525
787 749 829 807 69

324 964 327 995 J
361 926 580 992 Aacuronuns
591 924 690 990 tribus
710 926 787 991 locis
810 927 845 991 in
868 926 979 992 Satiris
998 929 1181 992 memoratur
1204 929 1235 989 et
1257 923 1292 989 in

223 1040 236 1059 “
315 1039 448 1105 Scholiis
461 1040 617 1124 amedicus
628 1062 757 1125 magnus
768 1040 854 1105 illius
866 1038 1031 1126 temporis'’
1044 1039 1167 1105 dicitur.
1190 1038 1294 1124 Hujus

315 1152 440 1217 nomine
468 1158 568 1216 autem
599 1151 621 1215 J
624 1172 791 1218 uvnuaurs
811 1153 859 1217 uti
882 1153 1003 1219 videtur
1023 1174 1079 1239 pro
1102 1151 1210 1236 quovis
1230 1174 1295 1217 me·

316 1263 396 1342 dico,
426 1266 479 1330 sed
510 1270 631 1329 constat
655 1270 758 1330 tamen
776 1266 841 1331 illis
860 1266 1046 1354 temporibus
1065 1288 1134 1332 vere
1150 1267 1216 1351 ejus
1238 1288 1295 1331 no·

316 1378 408 1443 minis
421 1379 571 1444 medicum
594 1380 709 1444 Romae
729 1379 842 1445 vixisse
866 1385 897 1445 ct
916 1403 952 1445 ex
967 1380 1107 1447 omnibus
1126 1379 1203 1446 locis
1226 1401 1295 1460 sus·

311 1492 411 1585 picari
423 1492 496 1557 licet
507 1498 626 1581 poetam
648 1499 764 1558 certum
776 1494 927 1578 quendam
939 1517 1011 1559 suae
1023 1494 1130 1559 aetatis
1142 1492 1294 1558 medicum

315 1605 459 1685 indicare,
482 1608 580 1691 quiin
604 1607 693 1672 rebus
714 1608 815 1673 dubiis
839 1609 981 1674 advocari
1001 1609 1121 1677 soleret.
1158 1608 1213 1672 sat
1235 1606 1294 1687 VI,

314 1742 360 1796 vs.
382 1725 447 1786 235
473 1745 491 1786 a
511 1722 637 1787 muliere
654 1723 829 1803 advocatur,
852 1747 929 1809 quae
941 1724 1066 1788 simulat
1078 1746 1109 1788 se
1121 1722 1293 1809 periculoso

314 1835 418 1900 morbo
442 1836 587 1915 laborare,
618 1858 762 1921 quaeque,
795 1838 942 1904 advocato
975 1837 1092 1902 medico
1120 1843 1151 1901 et
1170 1837 1294 1922 exejus

313 1948 441 2014 fortasse
463 1951 641 2037 praeceptis,
663 1952 813 2030 omnibus,
835 1952 1018 2037 quinetiam
1031 1952 1149 2031 marito,
1160 1952 1294 2030 remotis,

314 2062 448 2129 moechis
468 2064 507 2130 ad
520 2088 551 2130 se
572 2066 714 2132 veniendi
738 2066 926 2131 occasionem
944 2066 1075 2154 praebet.
1120 2065 1294 2144 SatXIII,

313 2198 358 2243 vs.
387 2182 430 2243 98
459 2179 563 2247 verba:
599 2182 649 2246 'aaa'
675 2204 736 2247 noc
766 2190 832 2266 eyet
850 2183 1001 2267 Anticyra
1024 2206 1078 2248 aec
1099 2180 1291 2265 Arrabona

314 2291 501 2380 significant,
524 2296 552 2359 si
576 2317 699 2382 compos
722 2295 834 2360 mentis
858 2300 914 2374 cst,
936 2296 963 2360 si
983 2318 1046 2360 non
1057 2302 1127 2382 eget
1139 2293 1292 2360 helleboro

313 2428 371 2472 nec
402 2430 493 2494 opera
524 2410 645 2490 medici,
674 2412 727 2495 qui
759 2411 786 2475 ei
818 2432 925 2475 venam
949 2410 1113 2497 pertundet
1136 2410 1170 2473 in
1193 2409 1293 2500 media

313 2521 421 2602 fronte,
456 2524 709 2608 quemadmodum
739 2524 773 2588 in
805 2524 913 2589 delirio
950 2523 1015 2588 fieri
1056 2522 1180 2600 solebat,
1213 2528 1291 2588 teste

312 2634 526 2702 Barnaunroo
557 2637 595 2703 ad
619 2637 648 2703 b.
672 2639 693 2704 l.
727 2638 790 2703 Sat.
823 2638 915 2716 XIV,
948 2660 993 2703 vs.
1013 2638 1291 2703 a5aJuvrmu1s

313 2750 420 2815 suadet
440 2752 561 2817 cuidam
581 2753 647 2819 viro
666 2752 818 2819 medicum
838 2753 985 2820 advocare
1004 2758 1036 2819 et
1047 2752 1217 2819 antidotum
1230 2751 1289 2819 sibi

315 2886 498 2949 comparare,
532 2889 624 2950 quum
657 2869 739 2935 filius
770 2870 835 2954 ejus
859 2873 986 2934 mortem
1010 2869 1106 2954 patris
1125 2867 1295 2940 accelerare⁴

313 2978 425 3065 cupiat.
448 2981 509 3044 Sed
530 2981 566 3046 de
588 2983 655 3069 ipso
675 2985 876 3048 Aucmcunn
900 2983 1030 3070 legimus
1054 2983 1135 3068 apud
1154 2982 1289 3046 Surnnrr

312 3093 345 3157 in
369 3116 455 3160 Voce:
481 3104 670 3186 ηἈρχιγὲνης
697 3109 858 3176 Φιλίππου,
879 3109 1029 3180 Ἀπαμεύς
1048 3111 1159 3183 Συρίας
1180 3105 1290 3182 ἰατρὸς,

312 3210 459 3283 ,pudicae
480 3209 644 3288 Ἀγαθίνου,
655 3209 704 3267 ἐπὶ
717 3215 862 3286 Τραϊανοῦ
880 3210 1039 3288 torpores
1049 3209 1081 3268 ἐν
1093 3207 1191 3282 Ῥώμῃ
1201 3207 1289 3283 βιούς

313 3310 381 3384 ,ἔτη
406 3313 457 3390 ξγ’,
489 3316 539 3368 καὶ
567 3315 732 3392 συγγράψας
760 3314 853 3370 πολλὰ
886 3315 1003 3392 ἰατρικὰ
1025 3334 1056 3371 τε
1077 3316 1126 3371 καὶ
1147 3306 1289 3384 φυσικά.”

310 3411 359 3478 De
379 3415 444 3499 ejus
464 3414 581 3501 origine
606 3415 686 3479 idem
707 3415 783 3478 dicit
807 3415 969 3481 Gannuus
993 3417 1028 3481 io
1052 3415 1288 3492 Introductione,

309 3529 361 3612 qui
379 3528 470 3592 etiam
493 3527 677 3591 mentionem
696 3529 771 3591 facit
795 3529 832 3592 dc
855 3553 890 3594 eo
914 3531 947 3593 in
966 3530 1052 3597 Libr.
1071 3529 1121 3593 IV
1140 3532 1178 3594 de
1197 3531 1230 3593 di
1257 3553 1288 3592 e·

308 3641 419 3705 reatiis
433 3641 591 3725 palaream.
625 3639 700 3703 Non
720 3640 866 3727 ignobilis
885 3642 1022 3706 medicus
1041 3643 1136 3707 fuisse
1156 3644 1288 3722 videtur,

308 3776 398 3840 quem
430 3777 469 3819 ne
503 3752 526 3816 J
528 3774 695 3818 uvnururs
722 3753 845 3838 quidem
865 3754 1045 3842 perstringit
1067 3761 1099 3820 et
1123 3756 1226 3841 culpat
1249 3761 1286 3822 ut

308 3873 425 3932 ceteros
449 3890 524 3952 quos
545 3871 690 3931 memorat
714 3867 856 3932 medicos.
882 3867 923 3931 In
946 3889 981 3931 ea
1000 3872 1120 3932 tantum
1143 3889 1185 3947 re,
1208 3890 1284 3952 quae

308 3986 449 4046 narratur
469 3982 502 4045 in
520 3981 584 4046 Sat.
597 3981 655 4060 VI,
669 3982 689 4046 l.
698 3982 718 4047 1.
742 3986 794 4046 aut
807 3981 927 4046 crimini
940 3982 1011 4046 dare
1023 3983 1050 4046 ei
1063 3983 1191 4062 videtur,
1202 3983 1284 4068 quod

308 4115 371 4158 non
391 4093 502 4158 viderit
522 4095 658 4161 mulieris
682 4095 821 4160 morbum
845 4097 949 4161 fictum
966 4120 1039 4178 csse3
1051 4102 1113 4177 aut,
1124 4099 1150 4164 si
1163 4098 1287 4178 viderit,

308 4207 415 4294 majori
435 4207 526 4273 etiam
543 4209 648 4296 culpae
672 4233 740 4275 eum
765 4232 830 4276 esse
853 4211 1026 4277 obnoxium.

354 4464 403 4532 De
433 4463 634 4532 Homonoia
658 4471 688 4534 et
712 4466 874 4535 Puruuro
897 4492 960 4536 non
980 4469 1110 4537 multum
1130 4475 1183 4538 aut
1205 4471 1284 4539 nihil
