<?xml version="1.0" encoding="UTF-8"?>
<!DOCTYPE html PUBLIC "-//W3C//DTD XHTML 1.0 Transitional//EN"
    "http://www.w3.org/TR/xhtml1/DTD/xhtml1-transitional.dtd">
<html xmlns="http://www.w3.org/1999/xhtml" xml:lang="en" lang="en">
 <head>
  <title>
</title>
<meta http-equiv="Content-Type" content="text/html;charset=utf-8" />
  <meta name='ocr-system' content='tesseract 3.04.00' />
  <meta name='ocr-capabilities' content='ocr_page ocr_carea ocr_par ocr_line ocrx_word'/>
</head>
<body>
  <div class='ocr_page' id='page_1' title='image "./specimenliterar00epkegoog_0162.png"; bbox 0 0 3200 5525; ppageno 0'>
   <div class='ocr_carea' id='block_1_1' title="bbox 792 788 858 850">
    <p class='ocr_par' dir='ltr' id='par_1_1' title="bbox 792 788 858 850">
     <span class='ocr_line' id='line_1_1' title="bbox 792 788 858 850; baseline -0.015 0"><span class='ocrx_word' id='word_1_1' title='bbox 792 788 858 850; x_wconf 79' lang='lat'><strong>148</strong></span> 
     </span>
    </p>
   </div>
   <div class='ocr_carea' id='block_1_2' title="bbox 308 967 1365 2084">
    <p class='ocr_par' dir='ltr' id='par_1_2' title="bbox 308 967 1365 2084">
     <span class='ocr_line' id='line_1_2' title="bbox 335 967 1316 1055; baseline -0.002 -20"><span class='ocrx_word' id='word_1_2' title='bbox 335 969 473 1035; x_wconf 80' lang='lat' dir='ltr'><strong>Faonro</strong></span> <span class='ocrx_word' id='word_1_3' title='bbox 503 967 642 1034; x_wconf 68' lang='lat' dir='ltr'><strong>Oramus</strong></span> <span class='ocrx_word' id='word_1_4' title='bbox 675 989 730 1055; x_wconf 90' lang='lat' dir='ltr'><strong>pro</strong></span> <span class='ocrx_word' id='word_1_5' title='bbox 754 968 874 1034; x_wconf 69' lang='lat' dir='ltr'><strong>Mimo</strong></span> <span class='ocrx_word' id='word_1_6' title='bbox 897 968 988 1033; x_wconf 83' lang='lat' dir='ltr'><strong>verba</strong></span> <span class='ocrx_word' id='word_1_7' title='bbox 1006 967 1079 1033; x_wconf 90' lang='lat' dir='ltr'><strong>fecit</strong></span> <span class='ocrx_word' id='word_1_8' title='bbox 1099 972 1139 1045; x_wconf 88' lang='lat' dir='ltr'><strong>et,</strong></span> <span class='ocrx_word' id='word_1_9' title='bbox 1161 972 1197 1032; x_wconf 91' lang='lat' dir='ltr'><strong>ut</strong></span> <span class='ocrx_word' id='word_1_10' title='bbox 1216 967 1316 1054; x_wconf 81' lang='lat' dir='ltr'><strong>ipsius</strong></span> 
     </span>
     <span class='ocr_line' id='line_1_3' title="bbox 334 1081 1315 1169; baseline -0.002 -22"><span class='ocrx_word' id='word_1_11' title='bbox 334 1082 451 1147; x_wconf 73' lang='lat' dir='ltr'><strong>Pirum</strong></span> <span class='ocrx_word' id='word_1_12' title='bbox 476 1081 574 1147; x_wconf 87' lang='lat' dir='ltr'><strong>verbis</strong></span> <span class='ocrx_word' id='word_1_13' title='bbox 610 1088 690 1160; x_wconf 85' lang='lat' dir='ltr'><strong>utar,</strong></span> <span class='ocrx_word' id='word_1_14' title='bbox 723 1082 813 1169; x_wconf 76' lang='lat' dir='ltr'><strong>uptus</strong></span> <span class='ocrx_word' id='word_1_15' title='bbox 832 1082 866 1146; x_wconf 94' lang='lat' dir='ltr'><strong>in</strong></span> <span class='ocrx_word' id='word_1_16' title='bbox 892 1081 1032 1168; x_wconf 81' lang='lat' dir='ltr'><strong>precibus</strong></span> <span class='ocrx_word' id='word_1_17' title='bbox 1055 1081 1201 1168; x_wconf 89' lang='lat' dir='ltr'><strong>temporis</strong></span> <span class='ocrx_word' id='word_1_18' title='bbox 1223 1103 1315 1165; x_wconf 88' lang='lat' dir='ltr'><strong>quarn</strong></span> 
     </span>
     <span class='ocr_line' id='line_1_4' title="bbox 337 1195 1316 1284; baseline 0.002 -26"><span class='ocrx_word' id='word_1_19' title='bbox 337 1198 390 1263; x_wconf 69' lang='lat' dir='ltr'><strong>oin</strong></span> <span class='ocrx_word' id='word_1_20' title='bbox 422 1197 596 1263; x_wconf 82' lang='lat' dir='ltr'><strong>defensione</strong></span> <span class='ocrx_word' id='word_1_21' title='bbox 631 1195 850 1284; x_wconf 84' lang='lat' dir='ltr'><strong>consumpsit&#39;’.</strong></span> <span class='ocrx_word' id='word_1_22' title='bbox 897 1197 1003 1261; x_wconf 75' lang='lat' dir='ltr'><strong>Tertio</strong></span> <span class='ocrx_word' id='word_1_23' title='bbox 1026 1197 1150 1260; x_wconf 90' lang='lat' dir='ltr'><strong>tandem</strong></span> <span class='ocrx_word' id='word_1_24' title='bbox 1187 1196 1237 1261; x_wconf 92' lang='lat' dir='ltr'><strong>die</strong></span> <span class='ocrx_word' id='word_1_25' title='bbox 1266 1216 1316 1260; x_wconf 89' lang='lat' dir='ltr'><strong>res</strong></span> 
     </span>
     <span class='ocr_line' id='line_1_5' title="bbox 308 1309 1316 1399; baseline -0.004 -23"><span class='ocrx_word' id='word_1_26' title='bbox 308 1313 321 1336; x_wconf 74' lang='lat'><strong><em>‘</em></strong></span> <span class='ocrx_word' id='word_1_27' title='bbox 335 1317 458 1399; x_wconf 90' lang='lat' dir='ltr'><strong>peracta</strong></span> <span class='ocrx_word' id='word_1_28' title='bbox 489 1316 545 1389; x_wconf 88' lang='lat' dir='ltr'><strong>est,</strong></span> <span class='ocrx_word' id='word_1_29' title='bbox 579 1334 640 1397; x_wconf 88' lang='lat' dir='ltr'><strong>quo</strong></span> <span class='ocrx_word' id='word_1_30' title='bbox 677 1312 883 1379; x_wconf 77' lang='lat' dir='ltr'><strong>Connurmr</strong></span> <span class='ocrx_word' id='word_1_31' title='bbox 915 1311 1143 1378; x_wconf 74' lang='lat' dir='ltr'><strong>Tnnrunnurr</strong></span> <span class='ocrx_word' id='word_1_32' title='bbox 1166 1309 1316 1395; x_wconf 87' lang='lat' dir='ltr'><strong>ejusmodi</strong></span> 
     </span>
     <span class='ocr_line' id='line_1_6' title="bbox 335 1424 1317 1513; baseline -0.003 -22"><span class='ocrx_word' id='word_1_33' title='bbox 335 1427 517 1492; x_wconf 80' lang='lat' dir='ltr'><strong>sententiam</strong></span> <span class='ocrx_word' id='word_1_34' title='bbox 549 1426 662 1491; x_wconf 85' lang='lat' dir='ltr'><strong>dixisse</strong></span> <span class='ocrx_word' id='word_1_35' title='bbox 693 1426 824 1513; x_wconf 85' lang='lat' dir='ltr'><strong>legimus</strong></span> <span class='ocrx_word' id='word_1_36' title='bbox 857 1428 875 1511; x_wconf 69' lang='lat' dir='ltr'><strong>q</strong></span> <span class='ocrx_word' id='word_1_37' title='bbox 903 1428 962 1489; x_wconf 88' lang='lat'><strong>19:</strong></span> <span class='ocrx_word' id='word_1_38' title='bbox 995 1429 1208 1512; x_wconf 79' lang='lat' dir='ltr'><strong>nseptingenta</strong></span> <span class='ocrx_word' id='word_1_39' title='bbox 1232 1424 1317 1488; x_wconf 87' lang='lat' dir='ltr'><strong>milia</strong></span> 
     </span>
     <span class='ocr_line' id='line_1_7' title="bbox 336 1538 1316 1625; baseline 0.002 -23"><span class='ocrx_word' id='word_1_40' title='bbox 336 1563 434 1625; x_wconf 72' lang='lat' dir='ltr'><strong>aquae</strong></span> <span class='ocrx_word' id='word_1_41' title='bbox 465 1542 621 1625; x_wconf 88' lang='lat' dir='ltr'><strong>acceperat</strong></span> <span class='ocrx_word' id='word_1_42' title='bbox 655 1538 804 1605; x_wconf 73' lang='lat' dir='ltr'>MARIUS</span> <span class='ocrx_word' id='word_1_43' title='bbox 836 1538 951 1603; x_wconf 90' lang='lat' dir='ltr'><strong>aerario</strong></span> <span class='ocrx_word' id='word_1_44' title='bbox 986 1538 1153 1616; x_wconf 88' lang='lat' dir='ltr'><strong>inferenda,</strong></span> <span class='ocrx_word' id='word_1_45' title='bbox 1184 1538 1316 1604; x_wconf 75' lang='lat' dir='ltr'><strong>Mamo</strong></span> 
     </span>
     <span class='ocr_line' id='line_1_8' title="bbox 336 1650 1317 1737; baseline -0.001 -21"><span class='ocrx_word' id='word_1_46' title='bbox 336 1654 432 1719; x_wconf 77' lang='lat' dir='ltr'><strong>aurbe</strong></span> <span class='ocrx_word' id='word_1_47' title='bbox 460 1652 613 1737; x_wconf 76' lang='lat' dir='ltr'><strong>Italiaque</strong></span> <span class='ocrx_word' id='word_1_48' title='bbox 647 1652 905 1731; x_wconf 85' lang='lat' dir='ltr'><strong>interdicendum,</strong></span> <span class='ocrx_word' id='word_1_49' title='bbox 939 1652 1144 1719; x_wconf 75' lang='lat' dir='ltr'><strong>Mancrano</strong></span> <span class='ocrx_word' id='word_1_50' title='bbox 1176 1650 1235 1717; x_wconf 90' lang='lat' dir='ltr'><strong>hoc</strong></span> <span class='ocrx_word' id='word_1_51' title='bbox 1251 1674 1317 1716; x_wconf 89' lang='lat' dir='ltr'><strong>am·</strong></span> 
     </span>
     <span class='ocr_line' id='line_1_9' title="bbox 338 1765 1365 1855; baseline 0.002 -26"><span class='ocrx_word' id='word_1_52' title='bbox 338 1768 440 1855; x_wconf 72' lang='lat' dir='ltr'><strong>aplius</strong></span> <span class='ocrx_word' id='word_1_53' title='bbox 468 1766 608 1834; x_wconf 70' lang='lat' dir='ltr'><strong>Africa⁰</strong></span> <span class='ocrx_word' id='word_1_54' title='bbox 658 1766 753 1831; x_wconf 87' lang='lat' dir='ltr'><strong>Multi</strong></span> <span class='ocrx_word' id='word_1_55' title='bbox 780 1772 933 1831; x_wconf 87' lang='lat' dir='ltr'><strong>senatores</strong></span> <span class='ocrx_word' id='word_1_56' title='bbox 954 1790 1048 1852; x_wconf 89' lang='lat' dir='ltr'><strong>quum</strong></span> <span class='ocrx_word' id='word_1_57' title='bbox 1064 1767 1128 1852; x_wconf 90' lang='lat' dir='ltr'><strong>jam</strong></span> <span class='ocrx_word' id='word_1_58' title='bbox 1152 1765 1227 1831; x_wconf 89' lang='lat' dir='ltr'><strong>huic</strong></span> <span class='ocrx_word' id='word_1_59' title='bbox 1247 1788 1317 1831; x_wconf 90' lang='lat' dir='ltr'><strong>sen·</strong></span> <span class='ocrx_word' id='word_1_60' title='bbox 1362 1799 1365 1804; x_wconf 46' lang='grc'>’</span> 
     </span>
     <span class='ocr_line' id='line_1_10' title="bbox 337 1882 1318 1959; baseline -0.002 -12"><span class='ocrx_word' id='word_1_61' title='bbox 337 1883 451 1949; x_wconf 88' lang='lat' dir='ltr'><strong>tentiae</strong></span> <span class='ocrx_word' id='word_1_62' title='bbox 480 1882 711 1959; x_wconf 82' lang='lat' dir='ltr'><strong>assentirentur,</strong></span> <span class='ocrx_word' id='word_1_63' title='bbox 732 1882 927 1950; x_wconf 68' lang='lat' dir='ltr'><strong>Portemus</strong></span> <span class='ocrx_word' id='word_1_64' title='bbox 951 1883 1126 1948; x_wconf 73' lang='lat' dir='ltr'><strong>Oonnnca</strong></span> <span class='ocrx_word' id='word_1_65' title='bbox 1150 1882 1196 1946; x_wconf 89' lang='lat' dir='ltr'><strong>sio</strong></span> <span class='ocrx_word' id='word_1_66' title='bbox 1218 1886 1318 1946; x_wconf 88' lang='lat' dir='ltr'><strong>statu·</strong></span> 
     </span>
     <span class='ocr_line' id='line_1_11' title="bbox 337 1996 1318 2084; baseline -0.004 -21"><span class='ocrx_word' id='word_1_67' title='bbox 337 1998 449 2063; x_wconf 88' lang='lat' dir='ltr'><strong>endum</strong></span> <span class='ocrx_word' id='word_1_68' title='bbox 485 2020 549 2063; x_wconf 88' lang='lat' dir='ltr'><strong>esse</strong></span> <span class='ocrx_word' id='word_1_69' title='bbox 577 1997 746 2083; x_wconf 86' lang='lat' dir='ltr'><strong>judicavit:</strong></span> <span class='ocrx_word' id='word_1_70' title='bbox 783 2002 834 2061; x_wconf 74' lang='lat' dir='ltr'><strong>aet</strong></span> <span class='ocrx_word' id='word_1_71' title='bbox 867 1997 1063 2084; x_wconf 85' lang='lat' dir='ltr'><strong>septingenta</strong></span> <span class='ocrx_word' id='word_1_72' title='bbox 1093 1996 1179 2060; x_wconf 89' lang='lat' dir='ltr'><strong>milia</strong></span> <span class='ocrx_word' id='word_1_73' title='bbox 1202 1996 1318 2061; x_wconf 89' lang='lat' dir='ltr'><strong>aerario</strong></span> 
     </span>
    </p>
   </div>
   <div class='ocr_carea' id='block_1_3' title="bbox 337 2110 1320 2770">
    <p class='ocr_par' dir='ltr' id='par_1_3' title="bbox 337 2110 1320 2770">
     <span class='ocr_line' id='line_1_12' title="bbox 339 2110 1319 2197; baseline 0 -24"><span class='ocrx_word' id='word_1_74' title='bbox 339 2112 515 2177; x_wconf 78' lang='lat' dir='ltr'><strong>ninferenda</strong></span> <span class='ocrx_word' id='word_1_75' title='bbox 541 2116 572 2175; x_wconf 91' lang='lat' dir='ltr'><strong>et</strong></span> <span class='ocrx_word' id='word_1_76' title='bbox 595 2111 832 2179; x_wconf 74' lang='lat' dir='ltr'>MAROIANUM</span> <span class='ocrx_word' id='word_1_77' title='bbox 856 2113 889 2176; x_wconf 93' lang='lat' dir='ltr'><strong>in</strong></span> <span class='ocrx_word' id='word_1_78' title='bbox 913 2111 1155 2196; x_wconf 83' lang='lat' dir='ltr'><strong>quinquennium</strong></span> <span class='ocrx_word' id='word_1_79' title='bbox 1180 2110 1319 2197; x_wconf 83' lang='lat' dir='ltr'><strong>relegan-</strong></span> 
     </span>
     <span class='ocr_line' id='line_1_13' title="bbox 341 2225 1319 2311; baseline 0.003 -27"><span class='ocrx_word' id='word_1_80' title='bbox 341 2226 444 2302; x_wconf 77' lang='lat' dir='ltr'><strong>ndum‚</strong></span> <span class='ocrx_word' id='word_1_81' title='bbox 466 2226 624 2290; x_wconf 78' lang='lat' dir='ltr'>MARIUM</span> <span class='ocrx_word' id='word_1_82' title='bbox 653 2226 890 2310; x_wconf 87' lang='lat' dir='ltr'><strong>repetundarum</strong></span> <span class='ocrx_word' id='word_1_83' title='bbox 910 2247 1032 2311; x_wconf 85' lang='lat' dir='ltr'><strong>poenae,</strong></span> <span class='ocrx_word' id='word_1_84' title='bbox 1055 2248 1145 2308; x_wconf 89' lang='lat' dir='ltr'><strong>quam</strong></span> <span class='ocrx_word' id='word_1_85' title='bbox 1161 2225 1225 2309; x_wconf 87' lang='lat' dir='ltr'><strong>jam</strong></span> <span class='ocrx_word' id='word_1_86' title='bbox 1248 2246 1319 2309; x_wconf 86' lang='lat' dir='ltr'><strong>pas·</strong></span> 
     </span>
     <span class='ocr_line' id='line_1_14' title="bbox 340 2337 1320 2425; baseline 0.001 -23"><span class='ocrx_word' id='word_1_87' title='bbox 340 2362 412 2404; x_wconf 76' lang='lat' dir='ltr'><strong>usus</strong></span> <span class='ocrx_word' id='word_1_88' title='bbox 436 2343 524 2416; x_wconf 87' lang='lat' dir='ltr'><strong>esset,</strong></span> <span class='ocrx_word' id='word_1_89' title='bbox 547 2337 667 2403; x_wconf 88' lang='lat' dir='ltr'><strong>censuit</strong></span> <span class='ocrx_word' id='word_1_90' title='bbox 687 2339 949 2425; x_wconf 83' lang='lat' dir='ltr'><strong>relinquendum.”</strong></span> <span class='ocrx_word' id='word_1_91' title='bbox 996 2337 1320 2403; x_wconf 89' lang='lat' dir='ltr'><strong>Dissentientibusse·</strong></span> 
     </span>
     <span class='ocr_line' id='line_1_15' title="bbox 337 2453 1319 2542; baseline -0.001 -22"><span class='ocrx_word' id='word_1_92' title='bbox 337 2454 505 2533; x_wconf 87' lang='lat' dir='ltr'><strong>natoribus,</strong></span> <span class='ocrx_word' id='word_1_93' title='bbox 528 2453 674 2519; x_wconf 86' lang='lat' dir='ltr'><strong>discessio</strong></span> <span class='ocrx_word' id='word_1_94' title='bbox 694 2458 796 2519; x_wconf 88' lang='lat' dir='ltr'><strong>tamen</strong></span> <span class='ocrx_word' id='word_1_95' title='bbox 822 2476 915 2542; x_wconf 90' lang='lat' dir='ltr'><strong>quum</strong></span> <span class='ocrx_word' id='word_1_96' title='bbox 943 2455 1039 2533; x_wconf 85' lang='lat' dir='ltr'><strong>fieret,</strong></span> <span class='ocrx_word' id='word_1_97' title='bbox 1063 2453 1215 2519; x_wconf 90' lang='lat' dir='ltr'><strong>sententia</strong></span> <span class='ocrx_word' id='word_1_98' title='bbox 1226 2453 1319 2519; x_wconf 80' lang='lat' dir='ltr'><strong>Coa·</strong></span> 
     </span>
     <span class='ocr_line' id='line_1_16' title="bbox 339 2568 1320 2656; baseline -0.005 -20"><span class='ocrx_word' id='word_1_99' title='bbox 339 2588 427 2637; x_wconf 72' lang='lat' dir='ltr'><strong>num</strong></span> <span class='ocrx_word' id='word_1_100' title='bbox 454 2568 625 2656; x_wconf 86' lang='lat' dir='ltr'><strong>praevaluit</strong></span> <span class='ocrx_word' id='word_1_101' title='bbox 657 2571 747 2655; x_wconf 90' lang='lat' dir='ltr'><strong>atquc</strong></span> <span class='ocrx_word' id='word_1_102' title='bbox 775 2568 831 2645; x_wconf 89' lang='lat' dir='ltr'><strong>ita,</strong></span> <span class='ocrx_word' id='word_1_103' title='bbox 866 2573 902 2633; x_wconf 92' lang='lat' dir='ltr'><strong>nt</strong></span> <span class='ocrx_word' id='word_1_104' title='bbox 928 2570 992 2655; x_wconf 87' lang='lat' dir='ltr'><strong>jam</strong></span> <span class='ocrx_word' id='word_1_105' title='bbox 1014 2569 1240 2656; x_wconf 87' lang='lat' dir='ltr'><strong>supradictum</strong></span> <span class='ocrx_word' id='word_1_106' title='bbox 1264 2572 1320 2645; x_wconf 89' lang='lat' dir='ltr'><strong>est,</strong></span> 
     </span>
     <span class='ocr_line' id='line_1_17' title="bbox 339 2682 1319 2770; baseline -0.007 -18"><span class='ocrx_word' id='word_1_107' title='bbox 339 2686 486 2752; x_wconf 74' lang='lat' dir='ltr'>MARIUS</span> <span class='ocrx_word' id='word_1_108' title='bbox 515 2685 669 2750; x_wconf 79' lang='lat' dir='ltr'><strong>Pmscus</strong></span> <span class='ocrx_word' id='word_1_109' title='bbox 698 2682 852 2770; x_wconf 83' lang='lat' dir='ltr'><strong>relegatus</strong></span> <span class='ocrx_word' id='word_1_110' title='bbox 872 2687 927 2747; x_wconf 90' lang='lat' dir='ltr'><strong>est.</strong></span> <span class='ocrx_word' id='word_1_111' title='bbox 973 2684 1042 2748; x_wconf 89' lang='lat' dir='ltr'><strong>Nec</strong></span> <span class='ocrx_word' id='word_1_112' title='bbox 1064 2684 1109 2748; x_wconf 88' lang='lat' dir='ltr'><strong>ita</strong></span> <span class='ocrx_word' id='word_1_113' title='bbox 1129 2683 1228 2748; x_wconf 89' lang='lat' dir='ltr'><strong>multo</strong></span> <span class='ocrx_word' id='word_1_114' title='bbox 1248 2686 1319 2770; x_wconf 90' lang='lat' dir='ltr'><strong>post</strong></span> 
     </span>
    </p>
   </div>
   <div class='ocr_carea' id='block_1_4' title="bbox 338 2796 1321 4020">
    <p class='ocr_par' dir='ltr' id='par_1_4' title="bbox 338 2796 1321 3891">
     <span class='ocr_line' id='line_1_18' title="bbox 339 2796 1319 2884; baseline -0.005 -18"><span class='ocrx_word' id='word_1_115' title='bbox 339 2823 431 2866; x_wconf 88' lang='lat' dir='ltr'><strong>causa</strong></span> <span class='ocrx_word' id='word_1_116' title='bbox 450 2804 518 2864; x_wconf 88' lang='lat' dir='ltr'><strong>acta</strong></span> <span class='ocrx_word' id='word_1_117' title='bbox 537 2802 584 2862; x_wconf 91' lang='lat' dir='ltr'><strong>est</strong></span> <span class='ocrx_word' id='word_1_118' title='bbox 608 2796 779 2863; x_wconf 74' lang='lat' dir='ltr'><strong>Hosrrnn</strong></span> <span class='ocrx_word' id='word_1_119' title='bbox 803 2796 963 2874; x_wconf 77' lang='lat' dir='ltr'><strong>Frarssru,</strong></span> <span class='ocrx_word' id='word_1_120' title='bbox 986 2797 1039 2884; x_wconf 91' lang='lat' dir='ltr'><strong>qui</strong></span> <span class='ocrx_word' id='word_1_121' title='bbox 1053 2799 1187 2883; x_wconf 90' lang='lat' dir='ltr'><strong>ejusdem</strong></span> <span class='ocrx_word' id='word_1_122' title='bbox 1199 2798 1319 2884; x_wconf 87' lang='lat' dir='ltr'><strong>legatus</strong></span> 
     </span>
     <span class='ocr_line' id='line_1_19' title="bbox 338 2911 1320 2999; baseline -0.005 -19"><span class='ocrx_word' id='word_1_123' title='bbox 338 2915 438 2980; x_wconf 85' lang='lat' dir='ltr'><strong>fuerat</strong></span> <span class='ocrx_word' id='word_1_124' title='bbox 461 2918 492 2978; x_wconf 91' lang='lat' dir='ltr'><strong>et</strong></span> <span class='ocrx_word' id='word_1_125' title='bbox 512 2913 613 2978; x_wconf 86' lang='lat' dir='ltr'><strong>socius</strong></span> <span class='ocrx_word' id='word_1_126' title='bbox 637 2911 809 2990; x_wconf 82' lang='lat' dir='ltr'><strong>criminum3</strong></span> <span class='ocrx_word' id='word_1_127' title='bbox 833 2912 921 2996; x_wconf 88' lang='lat' dir='ltr'><strong>cnjus</strong></span> <span class='ocrx_word' id='word_1_128' title='bbox 946 2933 1037 2976; x_wconf 88' lang='lat' dir='ltr'><strong>cansa</strong></span> <span class='ocrx_word' id='word_1_129' title='bbox 1059 2935 1152 2999; x_wconf 90' lang='lat' dir='ltr'><strong>quum</strong></span> <span class='ocrx_word' id='word_1_130' title='bbox 1165 2913 1199 2976; x_wconf 90' lang='lat' dir='ltr'><strong>in</strong></span> <span class='ocrx_word' id='word_1_131' title='bbox 1211 2915 1320 2976; x_wconf 88' lang='lat' dir='ltr'><strong>senatu</strong></span> 
     </span>
     <span class='ocr_line' id='line_1_20' title="bbox 340 3025 1321 3118; baseline -0.005 -23"><span class='ocrx_word' id='word_1_132' title='bbox 340 3033 489 3118; x_wconf 85' lang='lat' dir='ltr'><strong>ageretur,</strong></span> <span class='ocrx_word' id='word_1_133' title='bbox 513 3028 668 3093; x_wconf 86' lang='lat' dir='ltr'><strong>decretum</strong></span> <span class='ocrx_word' id='word_1_134' title='bbox 692 3029 741 3089; x_wconf 89' lang='lat' dir='ltr'><strong>est</strong></span> <span class='ocrx_word' id='word_1_135' title='bbox 764 3029 801 3090; x_wconf 90' lang='lat' dir='ltr'><strong>ut</strong></span> <span class='ocrx_word' id='word_1_136' title='bbox 824 3026 857 3090; x_wconf 92' lang='lat' dir='ltr'><strong>in</strong></span> <span class='ocrx_word' id='word_1_137' title='bbox 875 3026 1036 3090; x_wconf 87' lang='lat' dir='ltr'><strong>sortitione</strong></span> <span class='ocrx_word' id='word_1_138' title='bbox 1056 3027 1229 3112; x_wconf 86' lang='lat' dir='ltr'><strong>provinciae</strong></span> <span class='ocrx_word' id='word_1_139' title='bbox 1240 3025 1321 3091; x_wconf 90' lang='lat' dir='ltr'><strong>ratio</strong></span> 
     </span>
     <span class='ocr_line' id='line_1_21' title="bbox 340 3139 1321 3231; baseline -0.002 -21"><span class='ocrx_word' id='word_1_140' title='bbox 340 3146 407 3231; x_wconf 88' lang='lat' dir='ltr'><strong>ejus</strong></span> <span class='ocrx_word' id='word_1_141' title='bbox 426 3166 489 3209; x_wconf 91' lang='lat' dir='ltr'><strong>non</strong></span> <span class='ocrx_word' id='word_1_142' title='bbox 512 3141 684 3208; x_wconf 84' lang='lat' dir='ltr'><strong>haberetur.</strong></span> <span class='ocrx_word' id='word_1_143' title='bbox 718 3139 844 3212; x_wconf 79' lang='lat' dir='ltr'><strong>Quibus</strong></span> <span class='ocrx_word' id='word_1_144' title='bbox 866 3146 968 3205; x_wconf 86' lang='lat' dir='ltr'><strong>autem</strong></span> <span class='ocrx_word' id='word_1_145' title='bbox 993 3141 1171 3206; x_wconf 80' lang='lat' dir='ltr'><strong>criminibus</strong></span> <span class='ocrx_word' id='word_1_146' title='bbox 1194 3141 1321 3208; x_wconf 78' lang='lat' dir='ltr'><strong>Flam·</strong></span> 
     </span>
     <span class='ocr_line' id='line_1_22' title="bbox 341 3253 1321 3338; baseline -0.005 -12"><span class='ocrx_word' id='word_1_147' title='bbox 341 3277 409 3328; x_wconf 74' lang='lat' dir='ltr'><strong>nus</strong></span> <span class='ocrx_word' id='word_1_148' title='bbox 441 3260 602 3322; x_wconf 89' lang='lat' dir='ltr'><strong>accusatus</strong></span> <span class='ocrx_word' id='word_1_149' title='bbox 631 3254 672 3318; x_wconf 90' lang='lat' dir='ltr'><strong>sit</strong></span> <span class='ocrx_word' id='word_1_150' title='bbox 695 3253 826 3338; x_wconf 83' lang='lat' dir='ltr'><strong>legimus</strong></span> <span class='ocrx_word' id='word_1_151' title='bbox 851 3256 869 3338; x_wconf 63' lang='lat' dir='ltr'><strong>q</strong></span> <span class='ocrx_word' id='word_1_152' title='bbox 891 3259 951 3318; x_wconf 80' lang='lat'><strong>23:</strong></span> <span class='ocrx_word' id='word_1_153' title='bbox 977 3255 1078 3318; x_wconf 76' lang='lat' dir='ltr'><strong>nNam</strong></span> <span class='ocrx_word' id='word_1_154' title='bbox 1098 3260 1130 3318; x_wconf 90' lang='lat' dir='ltr'><strong>et</strong></span> <span class='ocrx_word' id='word_1_155' title='bbox 1148 3254 1321 3322; x_wconf 88' lang='lat' dir='ltr'><strong>rationibus</strong></span> 
     </span>
     <span class='ocr_line' id='line_1_23' title="bbox 343 3367 1321 3452; baseline 0.002 -19"><span class='ocrx_word' id='word_1_156' title='bbox 343 3372 555 3439; x_wconf 68' lang='lat' dir='ltr'><strong>ezMancrnnr</strong></span> <span class='ocrx_word' id='word_1_157' title='bbox 598 3372 629 3431; x_wconf 92' lang='lat' dir='ltr'><strong>et</strong></span> <span class='ocrx_word' id='word_1_158' title='bbox 654 3388 791 3431; x_wconf 89' lang='lat' dir='ltr'><strong>sermone</strong></span> <span class='ocrx_word' id='word_1_159' title='bbox 816 3388 906 3452; x_wconf 91' lang='lat' dir='ltr'><strong>quem</strong></span> <span class='ocrx_word' id='word_1_160' title='bbox 930 3368 982 3432; x_wconf 84' lang='lat' dir='ltr'><strong>ille</strong></span> <span class='ocrx_word' id='word_1_161' title='bbox 999 3367 1145 3433; x_wconf 87' lang='lat' dir='ltr'><strong>habuerat</strong></span> <span class='ocrx_word' id='word_1_162' title='bbox 1162 3369 1195 3433; x_wconf 90' lang='lat' dir='ltr'><strong>in</strong></span> <span class='ocrx_word' id='word_1_163' title='bbox 1211 3370 1321 3436; x_wconf 89' lang='lat' dir='ltr'><strong>ordine</strong></span> 
     </span>
     <span class='ocr_line' id='line_1_24' title="bbox 342 3480 1321 3570; baseline 0.001 -24"><span class='ocrx_word' id='word_1_164' title='bbox 342 3483 596 3570; x_wconf 75' lang='lat' dir='ltr'><strong>nIreptitanorum</strong></span> <span class='ocrx_word' id='word_1_165' title='bbox 622 3481 669 3566; x_wconf 88' lang='lat' dir='ltr'><strong>(l)</strong></span> <span class='ocrx_word' id='word_1_166' title='bbox 694 3500 815 3566; x_wconf 91' lang='lat' dir='ltr'><strong>operam</strong></span> <span class='ocrx_word' id='word_1_167' title='bbox 840 3502 925 3544; x_wconf 90' lang='lat' dir='ltr'><strong>suam</strong></span> <span class='ocrx_word' id='word_1_168' title='bbox 957 3480 1091 3547; x_wconf 78' lang='lat' dir='ltr'><strong>Palsco</strong></span> <span class='ocrx_word' id='word_1_169' title='bbox 1113 3483 1151 3546; x_wconf 91' lang='lat' dir='ltr'><strong>ad</strong></span> <span class='ocrx_word' id='word_1_170' title='bbox 1175 3482 1321 3569; x_wconf 85' lang='lat' dir='ltr'><strong>turpissi-</strong></span> 
     </span>
     <span class='ocr_line' id='line_1_25' title="bbox 342 3592 1321 3684; baseline 0.001 -25"><span class='ocrx_word' id='word_1_171' title='bbox 342 3620 446 3663; x_wconf 78' lang='lat' dir='ltr'><strong>nmum</strong></span> <span class='ocrx_word' id='word_1_172' title='bbox 469 3593 672 3660; x_wconf 89' lang='lat' dir='ltr'><strong>ministerium</strong></span> <span class='ocrx_word' id='word_1_173' title='bbox 694 3592 909 3673; x_wconf 87' lang='lat' dir='ltr'><strong>commodasse,</strong></span> <span class='ocrx_word' id='word_1_174' title='bbox 921 3594 1145 3684; x_wconf 88' lang='lat' dir='ltr'><strong>stipulatusque</strong></span> <span class='ocrx_word' id='word_1_175' title='bbox 1170 3597 1206 3660; x_wconf 92' lang='lat' dir='ltr'><strong>de</strong></span> <span class='ocrx_word' id='word_1_176' title='bbox 1218 3596 1321 3664; x_wconf 72' lang='lat' dir='ltr'><strong>Man·</strong></span> 
     </span>
     <span class='ocr_line' id='line_1_26' title="bbox 342 3707 1321 3797; baseline 0.002 -26"><span class='ocrx_word' id='word_1_177' title='bbox 342 3728 476 3779; x_wconf 74' lang='lat' dir='ltr'><strong>nclnno</strong></span> <span class='ocrx_word' id='word_1_178' title='bbox 520 3707 744 3797; x_wconf 85' lang='lat' dir='ltr'><strong>quinquaginta</strong></span> <span class='ocrx_word' id='word_1_179' title='bbox 792 3707 878 3772; x_wconf 90' lang='lat' dir='ltr'><strong>milia</strong></span> <span class='ocrx_word' id='word_1_180' title='bbox 910 3708 1104 3774; x_wconf 89' lang='lat' dir='ltr'><strong>denariorum</strong></span> <span class='ocrx_word' id='word_1_181' title='bbox 1137 3708 1321 3796; x_wconf 88' lang='lat' dir='ltr'><strong>probabatur</strong></span> 
     </span>
     <span class='ocr_line' id='line_1_27' title="bbox 345 3824 448 3891; baseline 0.039 -5"><span class='ocrx_word' id='word_1_182' title='bbox 345 3824 448 3891; x_wconf 67' lang='lat' dir='ltr'><strong>arceb„</strong></span> 
     </span>
    </p>

    <p class='ocr_par' dir='ltr' id='par_1_5' title="bbox 387 3934 1320 4020">
     <span class='ocr_line' id='line_1_28' title="bbox 387 3934 1320 4020; baseline -0.003 -17"><span class='ocrx_word' id='word_1_183' title='bbox 387 3939 512 4004; x_wconf 89' lang='lat' dir='ltr'><strong>Praeter</strong></span> <span class='ocrx_word' id='word_1_184' title='bbox 534 3960 570 4002; x_wconf 88' lang='lat' dir='ltr'><strong>ea</strong></span> <span class='ocrx_word' id='word_1_185' title='bbox 593 3935 630 3999; x_wconf 92' lang='lat' dir='ltr'><strong>de</strong></span> <span class='ocrx_word' id='word_1_186' title='bbox 655 3934 773 3999; x_wconf 74' lang='lat' dir='ltr'><strong>Mauro</strong></span> <span class='ocrx_word' id='word_1_187' title='bbox 786 3935 908 3998; x_wconf 81' lang='lat' dir='ltr'><strong>Pnrsco</strong></span> <span class='ocrx_word' id='word_1_188' title='bbox 920 3935 999 3999; x_wconf 83' lang='lat' dir='ltr'><strong>nihil</strong></span> <span class='ocrx_word' id='word_1_189' title='bbox 1013 3941 1141 4013; x_wconf 85' lang='lat' dir='ltr'><strong>constat,</strong></span> <span class='ocrx_word' id='word_1_190' title='bbox 1164 3935 1224 3999; x_wconf 91' lang='lat' dir='ltr'><strong>nisi</strong></span> <span class='ocrx_word' id='word_1_191' title='bbox 1237 3936 1320 4020; x_wconf 89' lang='lat' dir='ltr'><strong>quod</strong></span> 
     </span>
    </p>
   </div>
   <div class='ocr_carea' id='block_1_5' title="bbox 343 4048 1320 4140">
    <p class='ocr_par' dir='ltr' id='par_1_6' title="bbox 343 4048 1320 4140">
     <span class='ocr_line' id='line_1_29' title="bbox 343 4048 1320 4140; baseline -0.004 -22"><span class='ocrx_word' id='word_1_192' title='bbox 343 4054 423 4140; x_wconf 89' lang='lat' dir='ltr'><strong>apud</strong></span> <span class='ocrx_word' id='word_1_193' title='bbox 431 4051 780 4136; x_wconf 70' lang='lat' dir='ltr'><strong>Man&#39;rmnnnlegimus</strong></span> <span class='ocrx_word' id='word_1_194' title='bbox 788 4049 873 4113; x_wconf 86' lang='lat' dir='ltr'><strong>Libr.</strong></span> <span class='ocrx_word' id='word_1_195' title='bbox 881 4048 958 4126; x_wconf 84' lang='lat' dir='ltr'><strong>VII,</strong></span> <span class='ocrx_word' id='word_1_196' title='bbox 974 4050 1320 4136; x_wconf 84' lang='lat' dir='ltr'><strong>ep.LXXXVII,vs.5:</strong></span> 
     </span>
    </p>
   </div>
   <div class='ocr_carea' id='block_1_6' title="bbox 423 4215 1150 4295">
    <p class='ocr_par' dir='ltr' id='par_1_7' title="bbox 423 4215 1150 4295">
     <span class='ocr_line' id='line_1_30' title="bbox 423 4215 1150 4295; baseline -0.004 -17"><span class='ocrx_word' id='word_1_197' title='bbox 423 4218 561 4278; x_wconf 88' lang='lat' dir='ltr'><strong>Delectat</strong></span> <span class='ocrx_word' id='word_1_198' title='bbox 576 4215 703 4276; x_wconf 88' lang='lat' dir='ltr'><strong>Marium</strong></span> <span class='ocrx_word' id='word_1_199' title='bbox 721 4216 747 4276; x_wconf 87' lang='lat' dir='ltr'><strong>si</strong></span> <span class='ocrx_word' id='word_1_200' title='bbox 768 4217 952 4295; x_wconf 87' lang='lat' dir='ltr'><strong>perniciosus</strong></span> <span class='ocrx_word' id='word_1_201' title='bbox 973 4216 1150 4278; x_wconf 84' lang='lat' dir='ltr'><strong>ichneumon</strong></span> 
     </span>
    </p>
   </div>
   <div class='ocr_carea' id='block_1_7' title="bbox 337 4359 554 4375">
    <p class='ocr_par' dir='ltr' id='par_1_8' title="bbox 337 4359 554 4375">
     <span class='ocr_line' id='line_1_31' title="bbox 337 4359 554 4375; baseline -0.005 0"><span class='ocrx_word' id='word_1_202' title='bbox 337 4359 554 4375; x_wconf 57' lang='grc' dir='ltr'><strong><em>Μ</em></strong></span> 
     </span>
    </p>
   </div>
   <div class='ocr_carea' id='block_1_8' title="bbox 342 4436 1321 4586">
    <p class='ocr_par' dir='ltr' id='par_1_9' title="bbox 342 4436 1321 4586">
     <span class='ocr_line' id='line_1_32' title="bbox 379 4436 1321 4508; baseline -0.004 -16"><span class='ocrx_word' id='word_1_203' title='bbox 379 4439 422 4508; x_wconf 77' lang='grc'><strong>(1)</strong></span> <span class='ocrx_word' id='word_1_204' title='bbox 442 4439 498 4492; x_wconf 84' lang='lat' dir='ltr'><strong>Inde</strong></span> <span class='ocrx_word' id='word_1_205' title='bbox 515 4440 598 4489; x_wconf 86' lang='lat' dir='ltr'><strong>confici</strong></span> <span class='ocrx_word' id='word_1_206' title='bbox 615 4440 673 4490; x_wconf 84' lang='lat' dir='ltr'><strong>mibi</strong></span> <span class='ocrx_word' id='word_1_207' title='bbox 692 4438 784 4489; x_wconf 82' lang='lat' dir='ltr'><strong>ridetur</strong></span> <span class='ocrx_word' id='word_1_208' title='bbox 799 4436 936 4503; x_wconf 78' lang='lat' dir='ltr'><strong>Leptitanos</strong></span> <span class='ocrx_word' id='word_1_209' title='bbox 955 4437 1048 4490; x_wconf 79' lang='lat' dir='ltr'><strong>ttraror</strong></span> <span class='ocrx_word' id='word_1_210' title='bbox 1063 4439 1163 4492; x_wconf 81' lang='lat' dir='ltr'><strong>Parscmr</strong></span> <span class='ocrx_word' id='word_1_211' title='bbox 1180 4437 1321 4504; x_wconf 81' lang='lat' dir='ltr'><strong>repetunda·</strong></span> 
     </span>
     <span class='ocr_line' id='line_1_33' title="bbox 342 4533 580 4586; baseline -0.021 -1"><span class='ocrx_word' id='word_1_212' title='bbox 342 4548 394 4586; x_wconf 87' lang='lat' dir='ltr'><strong>rum</strong></span> <span class='ocrx_word' id='word_1_213' title='bbox 408 4547 475 4584; x_wconf 85' lang='lat' dir='ltr'><strong>rcum</strong></span> <span class='ocrx_word' id='word_1_214' title='bbox 492 4533 580 4584; x_wconf 71' lang='lat' dir='ltr'><strong>faciae.</strong></span> 
     </span>
    </p>
   </div>
   <div class='ocr_carea' id='block_1_9' title="bbox 0 0 1620 5525">
    <p class='ocr_par' dir='ltr' id='par_1_10' title="bbox 0 0 1620 5525">
     <span class='ocr_line' id='line_1_34' title="bbox 0 0 1620 5525; baseline 0 0"><span class='ocrx_word' id='word_1_215' title='bbox 0 0 1620 5525; x_wconf 95' lang='lat' dir='ltr'><strong> </strong></span> 
     </span>
    </p>
   </div>
  </div>
 </body>
</html>
