3200 5525
768 757 832 820 105

313 940 429 1005 utentia
444 938 533 1004 bonis
553 937 690 1001 consiliis
713 942 867 1002 notescere
886 936 1037 1003 volebat.”
1084 937 1195 1001 Postea
1207 956 1287 1013 vero,

313 1076 407 1139 quum
439 1054 504 1137 ejus
529 1050 693 1115 auotoritas
718 1050 870 1129 crevisset,
892 1073 930 1114 ue
950 1050 1067 1115 inimici
1091 1049 1171 1136 apud
1191 1050 1286 1135 impe·

310 1174 441 1234 retorem
474 1189 505 1232 se
530 1166 771 1243 criminarentur,
794 1165 867 1230 huic
883 1167 1041 1251 persuasit,
1064 1172 1099 1231 ut
1118 1166 1225 1252 procul
1248 1164 1286 1230 ab

311 1282 385 1347 urbe
421 1284 515 1345 vitam
548 1279 678 1367 degeret.
724 1277 932 1344 Adulantibus
963 1304 1079 1367 semper
1097 1280 1288 1346 senatoribus

312 1397 480 1480 ceterisque
499 1394 661 1467 nobilibus,
684 1393 806 1459 Susam
829 1395 1002 1481 arrogantia
1025 1396 1121 1483 magis
1132 1396 1288 1482 magisque

313 1516 402 1576 ancta
426 1514 481 1588 est,
505 1510 601 1573 donec
633 1513 785 1595 postremo
818 1509 939 1574 Caesari
959 1510 1076 1575 invisus
1099 1533 1164 1576 esse
1188 1511 1289 1596 coepit

259 1710 262 1713 Α
313 1630 353 1704 et,
383 1623 592 1711 conjuratione
627 1623 691 1708 ejus
718 1622 752 1685 in
784 1622 922 1687 rmum
950 1625 1043 1689 vitam
1067 1625 1227 1710 patefacta,
1248 1625 1288 1689 ad

313 1744 439 1805 mortem
465 1739 576 1803 ductus
596 1742 652 1815 est,
674 1736 879 1823 gaudentibus
897 1738 959 1801 fere
971 1739 1120 1819 omnibus,
1138 1742 1191 1823 qui
1202 1739 1288 1826 prius

313 1858 396 1919 metu
427 1873 607 1940 magnopere
632 1873 699 1915 eum
732 1850 847 1914 adulati
871 1855 965 1915 erant.
1012 1852 1060 1917 De
1085 1852 1141 1917 hac
1164 1854 1287 1920 Snrnur

315 1968 486 2055 arrogantia
511 1970 600 2050 atque
625 1963 764 2050 superbia
784 1964 848 2050 agit
868 1963 1059 2029 Juvnuanrs
1079 1989 1122 2032 vs.
1145 1970 1210 2031 103
1224 1986 1287 2048 sqq.

310 2084 373 2169 jam
398 2106 488 2170 supra
511 2081 653 2159 laudatis,
674 2084 740 2143 tum
761 2078 852 2143 etiam
873 2102 915 2144 vs.
941 2082 984 2143 90
1009 2102 1072 2164 sqq.

395 2264 488 2323 Visne
509 2261 633 2322 salutari
655 2260 732 2320 sicut
753 2259 890 2336 Sejanus,
911 2258 1022 2319 habere

394 2365 576 2443 tantundem,
599 2370 690 2440 atquc
711 2363 755 2422 iili
773 2379 902 2421 summas
923 2362 1033 2421 donare
1055 2363 1180 2440 curules,

394 2470 478 2529 illum
497 2467 675 2529 exercitibus
696 2483 887 2544 praeponere,
908 2470 987 2525 tutor
1005 2465 1108 2525 haberi

395 2572 537 2651 principis
558 2575 685 2645 angusta
704 2567 885 2646 Caprearum
906 2568 936 2626 in
958 2586 1031 2645 rupe
1052 2567 1183 2629 sedentis

396 2692 461 2735 cum
482 2690 572 2749 grego
593 2671 767 2733 Chaldaeo?

362 2846 433 2910 Jam
462 2846 551 2932 patri,
573 2867 661 2929 quem
683 2846 739 2911 sub
757 2849 918 2912 Aucusro
938 2849 1122 2934 praefectum
1146 2849 1289 2936 praetorii

316 2961 410 3026 fuisse
433 2960 572 3048 legimus,
595 2960 712 3046 collega
735 2961 857 3026 additus
880 2963 1106 3028 fuissevidetur
1120 2965 1177 3049 (1).
1190 2967 1290 3030 Tmu-

318 3095 396 3140 n1us
420 3079 530 3148 autem,
564 3075 616 3158 qui
641 3073 667 3136 ei
703 3073 831 3150 favebat,
854 3077 951 3161 primo
984 3077 1103 3163 imperii
1127 3101 1207 3142 anuo
1229 3101 1291 3143 una

317 3212 386 3255 cum
418 3189 482 3254 filio
518 3210 573 3252 suo
609 3187 726 3251 Druso
761 3189 795 3252 iu
831 3190 1020 3256 Pannoniam
1044 3215 1113 3256 eum
1137 3194 1221 3258 misit
1252 3195 1290 3258 ad

212 3379 215 3382 ‚
317 3305 448 3368 militum
481 3303 660 3368 seditionem
697 3303 870 3373 sedandam.
919 3307 1024 3377 Quum
1057 3315 1157 3374 autem
1192 3314 1230 3374 A.
1250 3310 1291 3373 U.

319 3421 384 3484 768
411 3420 451 3505 (p.
471 3417 544 3486 Chr.
569 3421 624 3504 15)
654 3419 763 3483 seditio
786 3419 821 3483 in
845 3421 1008 3486 Germania
1031 3424 1069 3488 ab
1092 3427 1291 3503 Aorurrrun,

317 3533 513 3597 Gnuunurcr
541 3556 643 3612 uxore,
676 3556 847 3618 compressa
870 3540 958 3612 esset,
980 3559 1067 3622 aegre
1090 3539 1189 3604 ferens
1204 3541 1291 3604 femi·

316 3670 385 3712 uam
409 3653 566 3734 tantopere
590 3649 670 3735 apud
691 3648 804 3712 milites
828 3650 935 3722 valere,
970 3650 1142 3716 Trnnmuu
1161 3655 1195 3718 in
1227 3679 1291 3720 eam

316 3764 469 3840 accendit3
501 3763 607 3828 scribit
638 3763 718 3828 enim
747 3763 895 3826 Tncmus
926 3765 1040 3829 Annei.
1063 3765 1147 3831 Libr.
1170 3769 1197 3845 Ι,
1228 3791 1292 3862 cap.

316 3877 443 3941 LXIX:
470 3877 684 3942 tsAccendebat
716 3876 789 3941 haec
811 3877 1013 3963 onerabatque
1033 3880 1192 3958 Susanna,
1211 3884 1291 3968 peri·

318 3992 382 4056 ntia
413 4014 528 4057 morum
568 3993 690 4057 Tranur
721 3992 791 4057 odia
827 3995 860 4057 in
892 3994 1017 4082 longum
1056 3997 1182 4082 jaciens,
1216 4021 1292 4083 quae

318 4106 513 4170 creconderet
537 4111 684 4191 auctaque
708 4114 885 4192 promeret.'’
931 4110 1023 4182 Quod
1047 4118 1148 4199 tamen
1170 4114 1292 4180 difficile

317 4220 344 4284 ei
364 4242 427 4283 nou
450 4219 511 4283 fuit
530 4225 652 4306 propter
676 4222 863 4307 suspiciones
881 4226 1002 4308 quaein
1014 4227 1168 4314 Principis
1191 4231 1291 4295 animo

353 4427 393 4494 (1)
414 4426 465 4477 vid.
495 4424 591 4476 Tucrrus
617 4427 698 4476 Anact.
725 4426 787 4477 Libr.
803 4429 821 4486 i,
836 4445 887 4495 cap.
902 4431 983 4490 xiim
1002 4431 1068 4484 Libr.
1086 4435 1121 4491 vi,
1139 4450 1189 4498 cap.
1204 4435 1252 4486 vm
1269 4445 1293 4486 ct

318 4517 359 4568 bro
376 4517 469 4569 Cassios
487 4517 549 4568 Libr.
567 4516 634 4573 ivn,
651 4531 701 4581 pag.
720 4516 771 4567 616
788 4517 811 4567 Β.
