3200 5525
766 680 806 740 15

338 864 398 929 Sed
410 861 528 927 etiamsi
541 860 652 924 nullibi
665 859 740 924 alias
753 864 935 923 memoretur
943 860 1109 926 Caunum
1122 863 1268 943 Panna,

294 1001 385 1045 eausa
404 1000 466 1042 non
485 998 550 1042 esse
574 974 696 1041 videtur
719 974 801 1061 quod
825 974 1013 1041 invertant
1037 976 1125 1041 fidem
1139 977 1269 1067 denege-

292 1117 369 1160 mus.
392 1095 497 1180 Negat
516 1096 618 1155 tamen
642 1090 795 1157 Garsta
830 1091 1036 1156 (inruerunt
1067 1092 1269 1161 Murranum

293 1210 430 1275 Ptaema
451 1206 605 1271 imitatum
622 1215 696 1283 esse,
718 1207 810 1291 atque
833 1206 918 1271 aliud
940 1207 1035 1271 fuisse
1046 1207 1173 1286 fabulae,
1185 1210 1268 1274 aliud

292 1326 377 1393 mimi
402 1328 614 1411 argumentum
638 1320 747 1385 statuit
770 1321 827 1405 (1).

337 1446 523 1510 Banneotwn
546 1446 647 1507 autern
671 1440 723 1505 alii
744 1438 929 1516 (larnano,
949 1439 1001 1503 alii
1022 1440 1198 1507 Lunuuno
1210 1444 1268 1506 tri-

291 1563 399 1639 buunt,
434 1564 507 1625 aunt
541 1559 633 1623 etiam
665 1556 719 1644 qui
754 1553 935 1619 Nanvmtt
971 1558 1127 1617 auctorem
1155 1555 1267 1621 dicant.

291 1675 451 1742 Garum
486 1673 609 1737 nomine
638 1672 743 1736 addito
768 1667 860 1753 hujus
876 1670 961 1735 mimi
985 1671 1170 1735 mentionem
1193 1674 1268 1737 feeit

291 1791 574 1857 Tunrunnranur
591 1788 658 1851 aaa,
688 1785 927 1854 Valentinianos
946 1808 1014 1873 pag.
1028 1792 1104 1851 256.
1117 1786 1157 1851 D.
1171 1788 1268 1854 Gnr-

292 1923 362 1971 strr
397 1906 503 1967 eontra
533 1901 579 1965 tl..
609 1922 676 1987 pag.
714 1904 755 1965 63
785 1924 850 1989 aqq.
878 1902 1052 1968 Lnnruno
1076 1903 1195 1981 tribuit,
1214 1909 1267 1993 qui

291 2020 483 2086 (taulanti
507 2018 674 2104 imperante
699 2018 746 2103 (2)
771 2019 994 2103 mimopnaptna
1004 2017 1097 2082 fuerit
1109 2023 1141 2083 et
1151 2021 1268 2101 annana,

290 2136 362 2223 quia
385 2134 449 2221 ipse
472 2137 573 2219 partes
590 2135 693 2219 ageret
715 2131 749 2196 in
769 2132 870 2197 mimis
894 2132 967 2211 suis,
992 2154 1087 2220 quum
1110 2134 1144 2198 in
1164 2136 1267 2203 Ptan-

290 2258 371 2316 mata
396 2270 459 2313 non
482 2247 547 2334 ipae
566 2244 802 2334 mimographus,
825 2246 878 2311 sed
902 2245 1142 2315 Dannsrrrus
1165 2255 1267 2335 partes

291 2366 388 2453 egisse
423 2362 552 2427 dicatur.
599 2361 716 2425 Addita
740 2365 842 2426 autem
870 2360 1059 2425 scholiastae
1082 2362 1174 2428 verba
1195 2364 1266 2431 nhie

293 2480 503 2545 annuamus
534 2475 646 2541 nobilis
677 2473 767 2553 fuit‚”
799 2476 953 2542 Gratata
988 2475 1033 2539 sie
1061 2476 1189 2563 aeeipit:
1214 2501 1267 2545 ner

292 2594 392 2661 nwahr
404 2594 454 2659 ein
474 2592 543 2659 sehr
565 2591 741 2657 beriihmter
761 2590 908 2669 Aeteur‚”
929 2595 960 2655 et
983 2613 1153 2676 perversam
1177 2600 1266 2660 voeat

288 2710 570 2799 interpretationem
601 2730 705 2774 eorum
741 2708 794 2797 qui
818 2708 927 2773 dieunt
946 2707 1149 2776 Lunrununt
1168 2733 1265 2779 unum

289 2849 306 2891 e
329 2824 493 2901 nobilibus,
512 2824 574 2912 qui,
598 2828 633 2887 ut
653 2823 1143 2911 Damnsrrrusmimosageret.
1167 2826 1264 2913 Cujus

221 2946 233 2960 ⁸
288 2945 392 3005 tamon
410 2937 584 3025 opinionem
603 2920 827 3006 annnettrus
853 2941 901 3026 (3)
921 2940 1035 3004 refutat
1058 2940 1265 3010 transtru-

289 3074 425 3134 runnn,
459 3077 554 3142 quum
588 3055 762 3120 Lanneotaa
792 3054 856 3140 jam
879 3053 1074 3121 (lauterunt
1097 3055 1266 3142 imperanto

289 3175 376 3236 aetus
395 3170 446 3249 sit,
467 3174 602 3256 tempore
621 3170 643 3234 J
645 3189 827 3237 uvnrttnts
848 3169 911 3234 fere
930 3169 1160 3257 octogenarium
1170 3171 1265 3238 fuisse

288 3291 378 3375 atque
389 3285 434 3350 ita
445 3285 558 3351 velocia
582 3285 661 3351 servi
684 3285 823 3372 partibus
847 3286 1020 3352 satisfacere
1039 3311 1102 3352 non
1114 3289 1263 3375 potuisse,

288 3405 378 3489 atque
401 3400 500 3464 addit:
526 3423 602 3465 nneo
626 3400 690 3464 ullo
714 3400 808 3465 modo
823 3401 979 3487 probabile
1002 3407 1048 3468 est
1061 3403 1098 3468 de
1110 3406 1181 3468 ante
1193 3408 1263 3469 aeto

289 3518 442 3600 »tempore
455 3513 477 3577 J
478 3533 681 3580 uvantnutu
704 3515 738 3578 in
761 3514 862 3579 Satira
878 3515 970 3580 verba
988 3514 1124 3580 fecisse?
1170 3517 1264 3589 Quod

323 3713 365 3780 (1)
384 3714 435 3764 vid.
453 3713 545 3764 Gitana
562 3711 600 3763 tt.
624 3725 677 3776 pag,
696 3710 738 3768 66,
754 3711 795 3776 qui
812 3725 825 3761 a
844 3711 937 3761 Dontro
951 3710 980 3760 ad
999 3711 1110 3761 Traunru
1126 3713 1265 3764 Bononiam

286 3812 448 3868 argumentum
475 3804 597 3853 Mantuani
625 3803 758 3852 aroanna
775 3801 956 3866 erminitrude
973 3809 1069 3867 apparet
1083 3802 1144 3852 hane
1161 3803 1262 3856 tabulam

286 3896 407 3945 rumosam
422 3897 460 3944 rix
477 3910 544 3958 posse
554 3895 638 3950 vocatu
654 3893 717 3958 quod
734 3892 855 3957 epitheton
872 3891 1262 3957 quamtuvmmscnuurmtmo

286 3987 384 4043 tribnat,
408 3986 511 4037 imitatio
536 3985 657 4035 unatrita
673 3997 784 4034 essenon
800 3983 901 4043 ridetur,
915 3999 1057 4050 quamquam
1076 3983 1107 4034 da
1121 3993 1261 4050 argumento

286 4079 358 4144 injus
372 4078 439 4128 mimi
455 4077 537 4128 nullibi
553 4078 641 4130 mantio
655 4077 693 4127 tit.

322 4168 364 4237 (2)
381 4171 432 4220 iam
449 4169 560 4220 Critonia
578 4170 707 4234 imperante
721 4168 857 4240 tanraotann
865 4168 962 4216 mimum
972 4168 1262 4236 compositumaotnmqne

285 4276 336 4312 essa
361 4261 459 4324 tegimus
480 4261 542 4326 apud
568 4261 700 4310 Samonion
718 4260 743 4309 in
756 4261 804 4312 aito
822 4261 895 4322 tatio.
917 4275 970 4325 cap.
989 4259 1064 4312 tren
1081 4261 1262 4327 apodiamina

283 4355 401 4405 imminit
414 4353 493 4420 Antiq.
511 4352 563 4405 XIX
582 4351 624 4403 13.

318 4445 357 4512 (8)
376 4447 429 4496 vid.
446 4447 508 4498 Orto
524 4445 621 4495 litamur
637 4446 662 4495 in
681 4444 819 4496 contonam
843 4443 977 4493 Latinorum
991 4443 1100 4509 tietantia
1115 4457 1169 4508 pag.
1181 4440 1242 4493 809.
