3200 5525
782 724 825 783 32

362 903 440 967 Inde
448 905 571 989 apparet
580 902 634 966 diu
646 906 716 967 ante
727 903 953 989 imperatoriam
965 907 1094 968 aetatem
1107 904 1293 971 Primanus

315 1016 475 1103 quemdam
503 1016 615 1080 vixisse
642 1017 840 1104 Aegyptium,
864 1040 1046 1102 quamquam
1065 1040 1104 1083 ex
1122 1018 1181 1083 hoe
1201 1042 1293 1086 versu

314 1154 377 1196 non
405 1135 525 1196 constat
557 1136 661 1197 utrum
689 1131 726 1196 de
753 1132 967 1197 mathematico
991 1138 1096 1197 nostro
1121 1156 1218 1198 sermo
1250 1136 1293 1201 sit

314 1270 370 1312 nec
408 1270 456 1311 ne.
494 1246 625 1332 Legitur
656 1252 809 1332 praeterea
849 1247 1026 1311 Perosnrrs
1066 1271 1177 1312 nomen
1208 1252 1292 1337 apud

313 1362 467 1428 Pmrrrurr
503 1362 580 1425 Nat.
613 1361 699 1424 Hirr.
735 1360 819 1425 Libr.
843 1361 898 1439 H,
935 1383 999 1447 cap.
1034 1362 1156 1427 XXIII
1191 1386 1213 1428 s.
1237 1369 1290 1429 21:

315 1477 488 1563 nAegyptia
499 1475 586 1553 ratio,
611 1497 701 1558 quam
721 1475 902 1542 Peroslers
922 1481 953 1540 et
969 1477 1168 1544 Nrcfleesos
1186 1482 1291 1543 osten-

314 1590 426 1669 ndere,
457 1588 594 1675 singulas
629 1587 725 1673 partis
755 1587 788 1652 in
821 1588 922 1651 lunari
954 1588 1078 1667 circulo,
1111 1595 1148 1654 ut
1172 1590 1289 1657 dictum

313 1708 388 1782 nest,
401 1702 536 1766 minume
543 1700 672 1789 triginta
688 1700 788 1766 tribus
813 1701 921 1765 stadris
941 1702 1032 1788 paulo
1044 1704 1175 1789 emplius
1185 1710 1289 1791 patere

312 1818 453 1905 aeoliigit
490 1815 593 1895 cet.”,
634 1820 665 1881 et
696 1815 779 1880 Libr.
812 1814 892 1895 VII,
920 1838 983 1903 esp.
1015 1817 1128 1882 XLIX
1160 1841 1185 1885 s.
1223 1822 1288 1885 50:

311 1933 433 1998 nDurat
465 1936 495 1997 et
527 1954 561 1996 ea
596 1930 674 1997 ratio
706 1953 796 2016 quam
832 1930 1009 1995 Perosrms
1033 1954 1068 1996 ae
1091 1931 1288 1999 Necflsrsos

311 2048 483 2112 utradidere
508 2050 582 2109 eet.''
618 2044 669 2109 Ad
693 2043 748 2107 hos
772 2044 891 2109 Pmrr
914 2045 998 2109 locos
1021 2044 1189 2131 respiciunt
1211 2069 1288 2131 quae

309 2164 453 2249 leguntur
476 2161 509 2233 in
523 2160 617 2224 Notis
634 2157 803 2222 Variorum:
829 2158 913 2223 tsHie
929 2160 1008 2224 enim
1027 2164 1057 2223 et
1070 2160 1222 2225 Nrcsrso
1233 2164 1284 2248 [s]

310 2279 417 2341 nerant
444 2279 582 2338 auctores
621 2290 668 2355 τῆς
700 2288 925 2360 κλιμακτηρικῆς
957 2285 1065 2363 ἀηοηης
1100 2274 1120 2338 i.
1155 2297 1180 2339 e.
1211 2275 1287 2341 artis

309 2392 400 2456 stillae
426 2391 507 2477 (sic),
528 2411 604 2475 quae
624 2410 661 2451 ex
686 2387 940 2452 climacteriorum
965 2410 1113 2454 annorum
1130 2412 1287 2456 enumera-

311 2507 424 2585 ntione‚
447 2505 550 2571 habite
567 2503 657 2567 simul
678 2502 810 2566 siderum
830 2502 948 2567 ratione
971 2504 1108 2589 exponit,
1130 2506 1203 2589 quid
1220 2506 1286 2571 eui·

309 2620 405 2686 alibet
427 2624 500 2685 nato
525 2618 702 2704 contingere
721 2618 828 2704 possit.
852 2617 916 2681 Hie
942 2617 1007 2704 ipse
1031 2624 1077 2684 est
1100 2619 1286 2699 Ρεεοετεῑε,

309 2736 416 2822 neujus
435 2735 662 2800 Proermsrus
682 2732 738 2798 sub
765 2749 906 2822 ’Λρχαὶου
929 2734 1051 2800 nomine
1071 2735 1209 2800 meminit
1228 2734 1285 2800 ali·

309 2853 457 2936 nquoties
480 2850 551 2916 vide
571 2851 718 2918 simis.
744 2850 782 2913 de
801 2853 884 2913 Αοο.
913 2850 1001 2913 Olim.
1013 2874 1074 2938 pag
1089 2854 1130 2916 76
1144 2856 1175 2915 et
1188 2849 1284 2916 353.’'

306 2965 409 3032 Etiam
421 2966 453 3033 h.
473 2965 649 3053 imprimis
669 2968 791 3050 propter
811 2985 922 3026 nomen
945 2979 1086 3052 Ἀρχαῑου
1111 2966 1148 3029 de
1168 2965 1284 3052 superi·

307 3081 369 3146 oris
393 3082 501 3146 aetatis
521 3080 586 3147 viro
615 3079 665 3164 agi
688 3077 764 3141 mihi
784 3077 914 3140 videtur.
951 3075 1128 3139 Perosrrzrs
1148 3079 1282 3144 asurm

305 3195 503 3282 philosophus
516 3198 641 3259 vocatur
653 3195 683 3255 et
694 3189 875 3276 Aegyptius,
898 3186 950 3271 qui
963 3209 1030 3250 eum
1043 3187 1199 3274 scripsisse
1220 3193 1282 3255 tra-

306 3309 360 3374 dit:
386 3321 458 3377 καθά
478 3320 619 3387 ““Ελληνες
630 3319 677 3370 καὶ
688 3316 851 3390 Αἰγύπτιοι
870 3311 994 3386 τοῖςπερὶ
1007 3311 1079 3368 θεῶν
1101 3312 1281 3376 διετάξαντο.

306 3421 462 3499 ,Επιηοηάς
481 3422 513 3478 ἑκ
534 3418 677 3492 τώνὶερών
691 3415 821 3488 βιβλίων.
854 3410 1125 3490 Ἀστρολοηοίμενα
1145 3423 1194 3474 καλ
1216 3426 1282 3498 περὶ

308 3539 364 3594 τῶν
378 3530 443 3610 παρ’
465 3533 640 3609 Αἱηυπτλοις
657 3531 829 3603 μυστηρίων.
851 3514 1029 3581 PETOSIRIS
1064 3519 1209 3608 astrologi
1226 3545 1281 3587 110-

306 3659 374 3703 men
395 3637 577 3700 memoratur
598 3652 716 3715 quoque
742 3629 775 3692 in
800 3631 988 3714 Απλλολοηλο
1011 3636 1136 3714 Graeca,
1158 3635 1211 3702 ubi
1235 3642 1282 3702 est

306 3753 489 3843 epigramma
512 3747 677 3813 Lucrnmr
702 3742 786 3810 Libr.
811 3743 856 3822 H,
880 3744 942 3808 Tit.
965 3743 1015 3809 VI
1033 3749 1062 3810 3.

388 3961 480 4021 Εἶπεν
501 3959 670 4032 ἐληλυθέναι
694 3959 728 4016 τό
747 3958 941 4035 πεπρωμένον,
961 3961 1051 4027 αὐτός
1072 3963 1177 4022 ἑαυτοῦ

428 4068 478 4138 τήν
499 4066 612 4144 γένεσιν
633 4065 746 4127 διαθείς
765 4057 864 4127 Αὖλος
886 4065 903 4120 ό
924 4063 1130 4144 οἶστρόλοηος,

386 4175 435 4228 καὶ
460 4170 558 4240 ζήσειν
579 4169 654 4244 ὥρας
675 4168 720 4224 ἔτι
742 4167 895 4243 τέσσαρας·
916 4165 954 4231 ὡς
974 4169 1007 4225 δὲ
1035 4171 1178 4246 παρῆλθεν

427 4274 443 4345 ἡ
465 4273 596 4346 πέμπτη,
616 4277 665 4328 ναὶ
686 4271 735 4341 ζην
754 4271 857 4327 εἰδότα
877 4268 967 4346 μηδὲν
988 4273 1065 4338 ἔδει,

386 4377 552 4448 αἰσχυνθεὶς
571 4377 749 4449 Πετόσιριν,
769 4373 924 4452 ἀπήγξατο·
945 4382 994 4432 καλ
1014 4377 1155 4453 μετέωρος

426 4482 543 4554 θνήσκει
564 4475 625 4553 μὲν,
645 4477 761 4548 θνήσκει
783 4474 899 4536 δὀῧδὲν
919 4481 1121 4553 ἐπιστάμενος.
