3200 5525
762 722 827 783 115

309 921 418 968 eunus
441 903 474 966 in
499 922 645 966 carcerem
671 922 738 965 eum
763 901 944 966 trahendum
965 901 1091 981 curavit,
1112 925 1173 987 quo
1188 925 1282 989 quum

310 1020 470 1085 duceretur
491 1042 508 1083 a
528 1018 640 1103 populo
664 1017 849 1082 contumelia
870 1020 997 1082 affectus
1015 1021 1072 1095 est,
1093 1018 1147 1102 qni
1166 1039 1284 1085 summo

179 1172 183 1177 ι
308 1154 377 1197 cum
397 1134 499 1197 furore
521 1135 637 1196 statuas
660 1132 724 1215 ejus
746 1132 848 1218 fregit,
870 1131 990 1217 quoda
1016 1132 1196 1200 Juvnuurnr
1226 1132 1286 1199 hou

309 1248 401 1312 modo
427 1247 608 1311 describitur
623 1269 666 1311 vs.
688 1249 732 1311 58
757 1268 822 1331 sqq.

432 1471 439 1486 .
462 1472 470 1487 .
491 1470 500 1486 .
522 1471 530 1487 .
552 1425 735 1487 descendunt
755 1428 874 1488 statum
895 1431 1065 1503 restemque
1082 1430 1255 1506 sequuntur,

261 1593 264 1597 .
391 1532 473 1609 ipsas
487 1529 596 1591 deinde
616 1536 697 1589 rotas
713 1529 849 1604 bigarum
866 1528 987 1607 inpacto
1008 1530 1122 1591 securis

390 1634 496 1713 caedit,
518 1640 549 1693 et
568 1632 713 1693 inmeritis
733 1621 910 1706 fran'guntnr
929 1648 1015 1692 crura
1032 1631 1165 1692 caballis.

389 1738 459 1799 Jam
481 1736 607 1797 strident
624 1737 720 1813 ignes,
734 1728 800 1811 jam
818 1734 938 1795 follibus
956 1740 1047 1811 atque
1070 1734 1196 1795 caminis

389 1842 475 1903 ardet
496 1840 649 1900 adoratum
670 1839 780 1918 populo
801 1843 900 1915 caput,
921 1843 952 1898 et
967 1843 1070 1916 crepat
1089 1839 1196 1913 ingens

390 1943 526 2023 Sejanus,
548 1942 656 2004 deinde
677 1960 715 2002 ex
730 1940 807 2001 facie
825 1945 887 2001 toto
907 1940 978 2001 orbe
995 1940 1127 2002 secunda

390 2046 465 2109 fiunt
481 2046 591 2107 urceoli
608 2047 711 2123 pelves
729 2050 850 2119 sartago
872 2044 1022 2104 matellae.

360 2218 490 2282 Senatus
514 2222 614 2282 aulem
637 2218 743 2281 eodem
764 2216 813 2281 die
828 2216 862 2281 in
885 2216 989 2281 aedem
1014 2216 1204 2283 Concordiae
1216 2241 1289 2283 cun·

312 2334 396 2399 venit
419 2338 451 2399 et
475 2334 634 2399 Srsluun
655 2332 764 2419 capitis
788 2318 959 2407 damnaviu
983 2332 1022 2396 ad
1046 2336 1173 2396 mortem
1192 2333 1289 2419 igitur

312 2449 423 2512 ductus
447 2449 480 2511 in
502 2448 598 2511 scalas
623 2447 786 2513 Gemonias
807 2447 960 2533 projectus
984 2450 1031 2509 est
1042 2447 1166 2530 ejusque
1178 2468 1289 2532 corpus

311 2563 460 2649 apopulo
485 2561 568 2625 omni
593 2561 779 2625 contumelia
802 2562 952 2637 affectum,
976 2559 1072 2624 donec
1093 2559 1197 2625 triduo
1220 2565 1290 2646 post

311 2678 344 2739 in
371 2677 504 2741 Tiberim
522 2678 672 2761 abjectum
693 2682 738 2740 est
764 2678 822 2760 (l).
846 2675 894 2739 De
911 2676 1001 2762 hujus
1025 2681 1126 2741 autem
1138 2676 1288 2764 supplicio

315 2791 445 2876 legimus
465 2791 546 2876 apud
566 2789 771 2854 Juvnunrnu
791 2791 854 2854 uae.
878 2791 910 2854 X
930 2814 973 2856 vs.
995 2796 1037 2857 65
1063 2815 1127 2878 sqq.

393 2969 475 3030 Pone
497 2967 577 3028 domi
600 2968 710 3047 laurus,
731 2967 788 3030 duc
810 2968 841 3026 in
860 2967 1010 3046 Capitolia
1029 2989 1169 3046 magnum

393 3075 597 3148 cretatumque
617 3071 731 3148 bovem,
751 3069 879 3148 Sejanus
898 3070 1016 3132 ducitur
1030 3087 1108 3132 unco

337 3239 338 3242 ,
393 3173 583 3254 spectandus.
606 3170 746 3232 Gaudent
764 3188 876 3232 omncs.
900 3167 1003 3246 „Quae
1022 3172 1115 3252 labra,
1136 3176 1204 3252 quis
1224 3175 1269 3239 illi

393 3279 494 3339 vultus
514 3277 593 3337 eratl
613 3293 774 3354 nunquam,
796 3276 823 3336 si
846 3275 918 3351 quid
939 3272 1014 3336 mibi
1034 3275 1140 3354 credis,
1160 3278 1260 3336 amavi

396 3382 474 3442 hunc
493 3379 671 3462 homiuem.''

311 3558 344 3616 et
363 3577 406 3617 vs.
425 3559 468 3616 84
489 3575 553 3636 sqq.
634 3579 635 3582 ¹

397 3701 511 3778 „Quam
532 3700 631 3779 timeo,
651 3701 748 3760 vietus
769 3718 806 3760 ne
827 3717 939 3777 poenas
960 3701 1061 3774 exigat
1081 3699 1162 3778 Ajax

358 3813 374 3831 ·
396 3812 430 3866 ut
450 3805 528 3864 male
549 3802 703 3863 defensus!
725 3819 876 3863 curramus
896 3802 1075 3880 praecipites
1095 3810 1135 3882 et,

394 3907 466 3966 (lum
482 3907 566 3983 jacet
587 3907 618 3965 in
639 3907 713 3985 ripa,
734 3907 882 3966 calcemus
901 3904 1041 3966 Caesaris
1067 3906 1193 3968 hostem.

398 4008 458 4069 Sed
478 4009 603 4070 videant
624 4010 712 4087 servi,
733 4027 771 4068 ne
792 4009 861 4085 quis
882 4014 971 4083 neget
992 4013 1024 4068 et
1043 4010 1185 4087 pavidum
1206 4012 1295 4089 injus

396 4112 511 4173 cervice
532 4112 674 4174 obstricta
695 4113 845 4172 dominum
865 4111 995 4172 trahat.”
1016 4112 1057 4172 Hi
1077 4131 1227 4177 sermones

325 4260 328 4265 -
396 4220 467 4277 tunc
487 4215 525 4274 de
546 4213 671 4294 Sejan03
702 4219 817 4278 secreta
836 4214 912 4275 haec
932 4233 1081 4279 murmura
1100 4219 1192 4295 vulgi.

352 4379 396 4446 (1)
414 4380 446 4429 lle
471 4380 553 4430 Suum
579 4379 726 4428 accusatione
746 4384 771 4428 et
800 4385 874 4428 morte
898 4379 931 4428 el.
957 4377 1088 4430 Suurorms
1111 4383 1135 4430 ia
1148 4384 1196 4431 cito
1216 4382 1297 4432 liberii

315 4485 367 4533 cup,
384 4467 458 4521 lxv.
1168 4461 1170 4464 ’

1112 4561 1157 4619 8*
