3200 5525
752 734 816 797 131

295 918 435 988 Quorum
456 918 480 981 ei
505 937 575 981 vera
599 915 702 999 opinio
727 921 791 994 est,
828 923 915 982 vetar
938 921 1053 1004 offensa
1072 916 1272 1004 intelligenda

294 1031 354 1093 erit
378 1031 539 1095 consilium
575 1028 769 1118 proditionis,
800 1031 975 1094 aRuanro
1010 1030 1184 1096 0111111111
1220 1032 1274 1095 da·

294 1150 371 1223 tum,
405 1145 487 1228 quod
519 1149 620 1209 tamen
649 1144 701 1209 vix
721 1144 910 1229 probandum
940 1166 1006 1209 esse
1037 1145 1112 1209 mihi
1143 1145 1273 1211 videtur.

296 1259 402 1343 Hujus
425 1259 506 1323 enim
543 1258 586 1322 rei
609 1263 672 1322 tam
693 1259 797 1323 erebra
821 1260 943 1323 fueraut
966 1258 999 1321 in
1019 1258 1107 1323 bellis
1131 1258 1273 1325 civilibus

293 1373 439 1457 exempta,
477 1377 512 1436 ut
542 1372 735 1437 duvnnanrs
763 1371 854 1437 verba
881 1376 1014 1461 offensae
1042 1375 1153 1438 1111111
1183 1381 1276 1459 atque

294 1489 442 1551 tacendae
465 1486 501 1550 de
525 1486 581 1549 tali
601 1508 633 1549 re
653 1486 745 1550 nimis
770 1485 878 1551 acerba
897 1490 998 1550 essent
1022 1486 1167 1552 vocanda.
1191 1485 1274 1574 Ergo

294 1624 371 1685 quae
395 1625 412 1665 a
436 1601 616 1666 1111111111
639 1600 783 1664 dicuntur
806 1601 840 1664 in
859 1601 1024 1664 Rnanruu
1048 1599 1275 1684 (1111111111-

295 1718 363 1782 dem
399 1718 560 1782 convenire
588 1739 649 1780 non
679 1716 832 1793 videntur,
855 1716 908 1780 sed
932 1716 965 1778 in
989 1716 1082 1779 alium
1103 1715 1274 1801 quempiam

295 1832 382 1897 nobis
405 1836 553 1918 ignotum.
601 1830 649 1894 De
673 1838 771 1896 111111
804 1834 905 1894 autem
928 1830 983 1893 illa
1004 1834 1122 1918 offenso
1145 1830 1275 1917 legimus

269 1946 376 2031 ,apud
412 1946 619 2011 Scholiasten:
657 1947 742 2010 triste
777 1946 934 2009 Ruaruus
955 1945 1121 2030 aliquando
1144 1945 1276 2011 Journu

298 2060 350 2123 oin
370 2060 502 2145 pueritia
533 2063 718 2146 corruperat,
739 2063 772 2124 et
803 2058 961 2125 verebatur
985 2081 1022 2122 ne
1046 2080 1102 2144 pro
1120 2057 1178 2123 hae
1197 2080 1276 2123 mer·

298 2174 390 2239 sloede
410 2197 537 2261 poenam
561 2175 600 2241 ab
623 2175 689 2261 ipso
710 2171 914 2260 reposceret.''
963 2174 1024 2237 Sed
1039 2195 1188 2257 quaenam
1210 2174 1277 2239 fue·

297 2287 358 2352 urit
381 2288 435 2352 illa
457 2288 480 2352 J
482 2308 563 2354 unm
587 2310 710 2375 prorsus
729 2289 948 2367 ineertumest,
971 2286 1126 2373 quamalii
1137 2287 1279 2380 Traron,

298 2401 377 2465 Trur
405 2402 497 2467 filiam
522 2402 575 2466 alii
607 2402 781 2467 nominent:
806 2407 879 2466 sunt
899 2402 992 2466 etiam
1015 2401 1068 2487 qui
1084 2400 1277 2467 Domuum

298 2538 423 2581 uxorem
448 2516 614 2604 significari
642 2514 845 2602 suipieentur.

343 2742 487 2810 Caranus
510 2743 569 2809 hoc
585 2743 674 2808 modo
697 2741 857 2807 inducitur
880 2743 944 2808 Sat.
963 2742 1013 2806 IV
1036 2765 1081 2810 vs.
1109 2745 1150 2807 81
1168 2765 1252 2828 sqq.:

376 2966 385 2981 .
406 2965 415 2981 .
438 2965 445 2981 .
467 2965 476 2981 .
498 2921 582 2982 venit
602 2929 633 2983 et
652 2922 750 3002 Crispi
767 2922 903 3001 Juounda
920 2926 1066 2990 senectus,

376 3025 462 3102 ouJ‘ue
483 3030 569 3086 erant
588 3042 684 3084 moros
704 3025 804 3102 qualia
824 3024 980 3102 facundia,
1001 3025 1073 3084 mite

376 3125 537 3202 ingenium.

343 3299 429 3364 Haeo
454 3302 551 3387 primo
572 3300 689 3365 intuitu
712 3299 885 3364 intendem
906 3299 1019 3384 potius,
1041 3319 1131 3382 quam
1142 3297 1175 3361 in
1195 3297 1277 3362 vitu·

297 3414 413 3500 perium
442 3415 502 3479 diei
531 3416 692 3493 videntur3
727 3436 832 3480 verum
866 3413 918 3477 ubi
951 3412 1108 3498 sequentia
1127 3410 1280 3499 adjungis,

298 3534 421 3616 apparet
444 3551 507 3592 non
523 3529 620 3592 maios
645 3529 767 3611 quidem
804 3529 863 3594 viri
886 3548 984 3592 morea
1005 3527 1053 3593 vel
1075 3526 1194 3613 flagitia
1212 3527 1279 3594 oul-

297 3644 373 3729 pari,
397 3647 431 3706 ut
445 3647 613 3706 ceterorum
632 3641 703 3719 fere,
726 3641 779 3704 sed
791 3640 918 3704 nimiam
934 3641 1000 3724 e'jus
1011 3640 1105 3703 animi
1117 3640 1277 3706 moditiem

296 3763 388 3842 atque
403 3758 557 3845 ignaviam
577 3755 687 3834 notari,
710 3778 770 3839 qua
793 3758 893 3818 tectus
926 3754 964 3818 ad
989 3775 1135 3818 summam
1156 3753 1278 3836 quidem

297 3876 483 3937 senectutem
508 3871 674 3936 inviolatus
696 3870 814 3947 vixerit,
838 3890 895 3932 neo
906 3873 1007 3933 tamen
1020 3867 1278 3932 bonieivisfuno·

297 3991 348 4050 tus
373 3986 413 4050 sit
434 3985 541 4050 officio.
589 3987 639 4048 Ita
659 3984 740 4048 enim
764 3983 877 4069 pergit:

379 4208 386 4223 .
409 4206 417 4222 .
439 4206 446 4222 .
470 4207 479 4222 .
499 4163 593 4222 maria
614 4181 649 4223 11
669 4167 764 4224 terras
785 4161 970 4239 populosque
990 4162 1106 4234 regenti

379 4267 446 4344 quis
467 4283 565 4327 eomes
585 4266 693 4344 utilior,
716 4266 742 4325 ei
763 4264 848 4326 oiade
869 4269 899 4325 et
919 4268 1004 4342 peste
1025 4264 1081 4324 sub
1101 4263 1155 4325 illa

380 4369 537 4431 saevitiam
561 4368 702 4428 damnare
724 4372 754 4430 ot
774 4365 930 4429 honestum
951 4365 1066 4428 adsone
1086 4367 1189 4431 lioaret

382 4471 564 4535 eonsilium?
585 4471 639 4533 aad
657 4471 729 4549 quid
749 4471 909 4535 violentius
930 4489 1001 4535 aure
1021 4473 1150 4550 tyranni,

1093 4580 1138 4636 91
