3200 5525
761 715 778 773 9

283 894 427 959 ntomimo
449 894 635 959 vendidisset
643 900 668 972 ;''
692 899 846 980 praeterea
865 895 971 961 Parus
984 894 1188 981 pantomimus
1198 914 1260 958 me«

282 1013 417 1073 moratur
428 1009 462 1073 in
485 1007 610 1073 scholiis
621 1008 659 1073 ad
673 1009 735 1072 Sat.
760 1008 809 1072 VI
821 1032 848 1073 v.
874 1014 933 1088 87,
956 1010 1009 1094 qui
1033 1009 1262 1074 aDourrrsnc

284 1122 404 1186 occisus
425 1144 490 1186 esse
514 1121 637 1188 dicitur.
664 1121 760 1207 Cujus
787 1144 880 1207 quum
912 1124 1045 1207 aequalis
1068 1123 1160 1188 fuerit
1179 1123 1261 1187 Sra-

285 1257 378 1315 arus,
401 1259 463 1300 non
483 1236 589 1301 dubito
613 1236 687 1322 quin
714 1237 751 1301 de
774 1237 1043 1302 istoPanronhtc
1067 1243 1139 1325 agat
1158 1237 1262 1301 Juva-

285 1371 385 1416 nsnrs
412 1351 471 1438 (1).
518 1351 603 1416 Hinc
628 1352 770 1437 consequi
793 1352 914 1417 videtur
932 1358 1056 1437 Annaea
1076 1353 1170 1417 fuisse
1187 1375 1262 1438 pan·

285 1468 453 1547 tomimum,
488 1468 532 1533 ita
564 1472 600 1531 ut
635 1467 764 1531 maxime
797 1466 872 1532 mihi
909 1468 1041 1532 arrideat
1058 1468 1264 1532 Haranrcurr

285 1582 388 1670 opinio
401 1583 547 1649 dicentis:
573 1582 636 1647 nEs
647 1582 690 1647 ist
703 1583 766 1647 also
779 1582 859 1647 wohl
882 1582 953 1647 cher
973 1582 1194 1659 deodatum,
1215 1582 1263 1646 die

288 1697 417 1763 nSkinze
441 1720 479 1761 zu
507 1697 605 1761 ciuem
631 1720 730 1761 neuen
753 1697 864 1777 Bauer,
886 1698 953 1763 eine
977 1697 1135 1783 poetische
1155 1696 1265 1761 Haud·

288 1810 393 1898 nluug,
417 1811 465 1875 die
489 1809 724 1897 pantomimisch
746 1811 923 1897 dargestellt
948 1810 1054 1889 wird,'’
1080 1811 1119 1875 In
1140 1810 1265 1874 scholiis

286 1924 392 2011 igitur,
437 1929 473 1989 ut
514 1924 655 2002 vidimus,
698 1926 846 1989 intactam
885 1924 1054 2011 explicatur
1084 1925 1265 1989 inauditam.

289 2038 364 2117 Alii,
396 2038 551 2125 accipiunt
570 2062 629 2104 non
653 2047 745 2104 antea
768 2041 931 2105 recitatam
950 2043 1004 2103 aut
1026 2041 1182 2118 saltatum,
1205 2038 1268 2112 alii,

290 2152 420 2219 fabulam
450 2153 537 2239 cujus
572 2158 783 2242 argumentum
808 2154 912 2218 nullus
936 2154 1036 2219 adhuc
1059 2154 1266 2218 Romanorum

291 2274 380 2355 poeta
404 2268 518 2356 attigit,
553 2268 644 2354 inque
663 2268 704 2333 iis
732 2268 975 2347 Hammonius,
997 2269 1049 2354 qui
1073 2268 1166 2332 vertit
1193 2293 1267 2333 arnn-

288 2383 428 2467 qetneffl.
476 2384 643 2449 diludendi
664 2388 765 2449 autem
786 2406 876 2448 causa
900 2386 1047 2476 intactam
1070 2389 1195 2469 Annaea
1218 2384 1266 2447 di·

292 2521 358 2564 cere
383 2499 512 2578 videtur,
535 2498 620 2583 quasi
633 2501 780 2583 ainqinenn
792 2500 949 2564 intactum.
973 2498 1164 2584 Quamquam
1176 2498 1267 2562 etiam

291 2613 363 2678 alibi
387 2614 446 2678 hoc
470 2613 652 2700 adjectivum
672 2614 777 2679 eodem
801 2615 891 2679 modo
916 2620 1092 2702 usurpatum
1105 2614 1269 2689 invenitur,

291 2750 336 2793 ex.
357 2727 566 2816 ngonnnrr
590 2728 673 2793 Libr.
698 2730 716 2794 I
740 2733 795 2793 sat.
816 2729 848 2793 X
869 2752 911 2795 vs.
934 2735 990 2795 66:

302 2947 306 2952 -
375 2905 472 2982 Quam
493 2909 574 2969 rudis
593 2915 623 2970 et
644 2908 767 2970 Graccis
788 2910 893 2971 intacti
914 2912 1052 2972 carminis
1074 2919 1176 2972 auctor

294 3024 324 3083 ct
340 3019 425 3086 Libr.
448 3020 538 3085 IOd.
563 3020 693 3085 XXXV
718 3045 761 3086 vs.
787 3026 844 3086 35:

499 3214 675 3230 .......
696 3172 766 3250 quid
789 3175 933 3234 intactum
959 3174 1068 3236 nefasti

497 3275 661 3352 Liquimus.

295 3418 332 3483 cf.
356 3439 475 3503 quoque
500 3416 662 3482 Vunonnr
691 3424 795 3506 Gerra.
820 3421 889 3486 Lib.
913 3421 969 3484 III
991 3443 1035 3487 vs.
1057 3425 1116 3486 41·

376 3572 496 3632 Interea
516 3573 670 3650 Dryadum
691 3575 785 3634 silvas
803 3575 957 3653 saltusque
971 3592 1129 3650 sequamur

377 3673 514 3755 intactos,
536 3682 597 3756 tua,
619 3678 786 3756 Maecenas,
808 3676 890 3737 haud
901 3677 1002 3736 mollia
1017 3677 1114 3753 jussa.

329 3871 371 3939 (1)
391 3875 543 3924 Sarranus
568 3878 646 3922 contra
671 3873 698 3921 in
716 3872 909 3933 Praetutianus
935 3870 1071 3927 Quintiliani
1087 3871 1145 3921 inst.
1166 3875 1203 3924 Or.
1221 3890 1275 3938 pag.

295 3963 373 4012 XXXV
386 3964 478 4027 ludicat
504 3977 549 4012 non
576 3962 606 4011 de
632 3963 682 4030 ipso
707 3963 793 4012 rasus
820 3961 966 4025 pantomimo
982 3961 1009 4010 h.
1027 3963 1045 4013 l.
1062 3963 1275 4030 autscdpoetsm

296 4057 347 4116 clus
363 4055 457 4103 uomina
473 4068 543 4103 usum
568 4068 618 4102 esse
642 4053 671 4102 ad
688 4053 761 4102 alium
789 4033 967 4115 designandum,
982 4053 1045 4117 quod
1059 4032 1165 4105 'affirmat
1183 4065 1276 4110 auctora

298 4145 425 4200 Sauaasro.
447 4145 486 4208 qui
511 4145 588 4193 iocum
615 4142 694 4192 laudat
719 4158 741 4192 »e
767 4151 856 4193 vetusto
872 4144 932 4194 vitae
948 4145 1072 4195 tunsurus
1088 4153 1190 4204 auctore.
1206 4163 1276 4213 quam

297 4234 365 4285 ‚saus
378 4233 527 4297 probabititar
542 4231 639 4295 conjicit
652 4230 689 4280 ille
707 4232 838 4281 Suuroruua
854 4239 932 4282 essc.''
966 4235 996 4283 Αῑ
1014 4235 1059 4284 rita
1075 4235 1199 4287 turasius
1216 4238 1276 4288 Sur·

296 4342 364 4379 rosio
383 4325 497 4376 vindicari
515 4325 594 4388 nequit
616 4321 676 4389 (vid.
694 4323 874 4374 Rrrrrrrscurro
899 4325 915 4374 1.
933 4325 948 4374 Ι.
963 4341 1016 4391 pag,
1032 4326 1094 4391 404)
1117 4337 1141 4378 ct
1158 4328 1222 4378 iocus
1240 4333 1277 4380 ui·

300 4420 344 4469 mis
362 4422 484 4482 corruptus
500 4422 550 4472 cst,
565 4428 635 4479 quam
652 4413 690 4464 cui
707 4413 778 4464 odem
797 4416 957 4480 praebeamus,
973 4432 1044 4482 quum
1054 4426 1171 4482 praeterea
1188 4434 1216 4469 ει
1228 4422 1277 4485 ipss

193 4571 196 4575 .
296 4507 421 4559 Juvenum
433 4507 502 4557 satira
519 4505 633 4556 conflatus
648 4497 698 4554 oss‘c
716 4503 818 4554 videtur.
