3200 5525
749 736 811 797 141

376 905 549 976 Formosam
570 933 652 995 sane,
673 916 726 976 sed
747 934 853 976 caecus
870 916 971 993 diligit
990 918 1095 997 Asper.

374 1019 448 1080 Plus
469 1038 548 1097 ergo,
574 1024 608 1080 ut
625 1036 672 1079 res
693 1023 747 1097 est,
769 1037 857 1095 quam
872 1020 955 1081 videt
972 1020 1069 1099 Asper
1089 1027 1178 1083 amat.

339 1222 521 1287 Cursrrnus
547 1225 593 1309 (1)
607 1224 641 1287 in
661 1224 723 1287 Sat.
747 1224 811 1287 Iet
830 1224 880 1286 IV
899 1248 917 1287 a
936 1230 1028 1311 poeta
1048 1224 1178 1290 maximo
1199 1249 1266 1291 cum

294 1341 450 1400 contemtu
469 1341 667 1414 memoratur,
690 1335 764 1419 quin
796 1337 887 1401 etiam
910 1347 1073 1403 monstram
1097 1341 1187 1403 nulla
1206 1343 1270 1405 oir-

293 1459 359 1517 tate
381 1453 565 1538 redemptam
589 1451 711 1517 dieitur.
760 1450 854 1535 Apud
876 1450 1164 1518 historicosnullam
1178 1454 1269 1539 hujus

293 1566 477 1630 mentionem
499 1566 610 1628 iactam
641 1564 763 1643 inveni,
797 1570 828 1629 et
863 1571 981 1651 praeter
1011 1567 1032 1629 J
1036 1589 1216 1632 uvnuaren
1236 1571 1270 1633 in

293 1678 366 1743 solis
385 1679 580 1743 Maarmels
600 1678 866 1765 epigrammatibus
885 1702 995 1765 nomen
1015 1680 1080 1764 ejus
1108 1682 1177 1768 legi.
1201 1684 1269 1747 Neo

292 1801 394 1860 tamen
413 1796 515 1859 fictam
536 1816 693 1879 personam
717 1794 736 1857 l.
760 1794 780 1857 l.
804 1794 1033 1881 intelligendam
1054 1818 1127 1873 esse,
1151 1798 1203 1861 sed
1223 1820 1270 1862 re-

295 1931 367 1974 vera
397 1909 587 1973 Oarsrlnun
612 1908 760 1992 quendam
793 1908 907 1971 Romae
939 1908 1051 1973 vixisse
1071 1909 1269 1975 Donrrmno

293 2023 468 2110 imperatori
488 2025 619 2109 gratum,
642 2043 657 2085 e
677 2020 809 2085 Scholiis
833 2021 1002 2087 conficitur.
1045 2023 1152 2087 Frrisse
1168 2030 1269 2089 autem

294 2138 414 2205 videtur
429 2138 554 2201 natione
573 2134 744 2221 Aegyptius
756 2138 786 2198 et
798 2134 927 2198 obscuro
951 2135 1018 2199 loeo
1039 2141 1145 2215 uatus3
1169 2138 1230 2203 sat.
1251 2141 1270 2203 I

294 2254 375 2319 enim
406 2277 449 2319 vs.
486 2256 528 2316 26
555 2254 680 2336 apoita
704 2253 831 2315 vocatur
851 2273 926 2334 para
949 2251 1097 2316 Niliacae
1116 2253 1217 2337 plebia
1240 2262 1271 2317 et

294 2392 387 2434 aaran
413 2368 537 2452 Canopi.
584 2365 780 2429 Marinus
804 2371 911 2428 eontra
933 2367 1062 2430 eundem
1081 2367 1194 2446 laudat,
1217 2369 1270 2433 sed

295 2480 595 2546 animadvertendum
618 2482 664 2542 est
683 2476 765 2542 hune
789 2483 911 2563 podiam
934 2481 1053 2564 saepius
1076 2481 1191 2545 aulicos
1214 2482 1273 2547 im-

294 2595 482 2681 peratoribus
498 2592 628 2657 maxime
652 2596 755 2679 gratos
778 2593 921 2657 illiberali
933 2591 1062 2678 quodam
1083 2596 1172 2659 modo
1196 2597 1271 2660 adu-

293 2708 389 2774 latum
413 2730 485 2773 esse.
532 2707 584 2771 Sia
608 2706 692 2770 Libr.
716 2704 793 2782 VII,
816 2728 862 2792 ep.
885 2705 996 2771 XCIX
1008 2708 1163 2773 Carsium
1185 2710 1271 2776 favo·

294 2845 357 2888 rem
374 2822 432 2886 sibi
450 2821 612 2885 conciliare
630 2819 741 2897 studet,
765 2824 799 2882 ut
827 2822 906 2906 apud
926 2821 1136 2907 imperatorem
1154 2847 1185 2888 se
1202 2847 1272 2890 sua-

294 2960 352 3023 que
377 2935 511 3000 earmina
530 2934 641 3012 laudet,
665 2933 751 3018 eujus
771 2932 996 3019 epigrammatis
1014 2935 1138 3001 initium
1162 2943 1224 3002 est:

375 3087 427 3148 Sia
447 3086 594 3166 placidum
616 3086 720 3146 videas
741 3103 865 3163 semper,
884 3085 1028 3165 Crispina,
1050 3093 1220 3168 tonantem,

370 3210 426 3252 nee
446 3197 476 3252 te
497 3193 593 3252 Roma
613 3191 719 3268 miuus,
741 3206 831 3264 quam
851 3193 904 3249 tua
924 3189 1071 3268 Memphis
1092 3197 1180 3252 amet.

342 3331 391 3394 De
415 3331 480 3416 ejus
504 3331 621 3418 origine
652 3332 685 3395 in
709 3328 804 3394 Notis
828 3328 992 3393 Variorum
1015 3330 1163 3416 legimus:
1188 3335 1273 3400 rIste

297 3443 498 3510 nCarsrrnus
522 3445 582 3508 fuit
606 3445 643 3508 de
666 3443 856 3530 Aegyptiam
876 3447 1004 3528 patreet
1026 3444 1273 3512 Arabicamatre.

301 3565 469 3577 m

330 3609 370 3674 (1)
393 3607 474 3657 Plures
497 3603 620 3654 Carsrmos
651 3601 736 3671 Romae
764 3591 848 3653 viram
875 3599 1022 3650 Giarratano
1038 3602 1067 3652 ad
1085 3604 1137 3653 Sat.
1154 3606 1172 3660 l,
1190 3621 1222 3654 vs.
1240 3606 1274 3655 27

295 3696 403 3748 adnotat:
420 3695 531 3754 »Qualem
556 3690 679 3741 unsaros
699 3679 773 3738 tuisse
799 3688 895 3737 historia
921 3690 1006 3738 tradit:
1023 3691 1126 3752 primum
1146 3694 1186 3756 qui
1202 3709 1274 3758 equas

294 3787 416 3850 »dignitate
432 3784 555 3840 senatoria,
571 3783 670 3832 (intumo
685 3780 830 3843 imperante,
846 3779 978 3842 praelectus
1002 3780 1119 3841 praetorii,
1143 3783 1273 3833 consulari·

294 3876 348 3924 »bus
370 3874 477 3936 insigniis
502 3871 611 3927 donatus,
636 3869 681 3918 sub
708 3868 813 3924 Nerone,
837 3866 934 3915 erimine
956 3868 1124 3928 conjurationis
1139 3878 1234 3920 exactus
1249 3873 1273 3922 iu

294 3963 451 4019 »Sardiniam
467 3966 562 4024 accepto
577 3962 655 4022 jussae
675 3959 757 4007 mortis
773 3957 858 4006 nuncio
876 3963 950 4005 semet
964 3957 1096 4015 interiecit;
1113 3959 1274 4010 Taetrusanc·

294 4061 351 4104 dor.
387 4055 490 4103 Alterum
508 4053 611 4101 Neronis
627 4049 767 4115 privignum.
784 4047 823 4111 qul
839 4060 898 4109 puer
913 4045 991 4094 adhue
1015 4048 1087 4108 patris
1102 4049 1199 4111 imperio
1216 4051 1274 4100 sub·

294 4160 393 4195 »mersus
409 4151 453 4200 est,
470 4151 495 4193 ut
512 4143 669 4196 Talnonrttus
685 4139 774 4189 scribit.
789 4137 902 4192 Tertium.
910 4137 950 4200 qui
959 4137 1103 4200 temporibus
1110 4137 1212 4188 Oruonts
1220 4154 1284 4190 aum.

295 4235 396 4286 »duobus
420 4233 595 4283 centurionibus
619 4229 721 4278 tumultu
748 4226 843 4276 militari
866 4233 962 4275 necatus
977 4233 1022 4275 est.
1054 4227 1174 4286 Quartum,
1189 4231 1230 4294 qui
1246 4245 1274 4282 ax

295 4322 382 4372 »servili
398 4320 531 4370 conditione
548 4319 673 4382 Aegyptius
690 4315 814 4366 Daunum
830 4314 973 4376 indulgentia
990 4315 1020 4364 ad
1036 4327 1169 4380 equestrem
1177 4332 1273 4368 consum

295 4412 435 4476 ‚pervouits’
467 4410 579 4468 Quintum
607 4406 679 4457 addas
702 4405 827 4455 Carsrmuu
852 4404 1026 4470 philosophum,
1050 4406 1091 4470 qui
1116 4407 1146 4456 ab
1174 4407 1274 4458 lloamm

297 4509 439 4554 memoratur
456 4501 521 4552 Lihr.
540 4499 559 4556 l,
577 4497 630 4549 Sat.
649 4497 666 4554 Ι,
683 4511 720 4546 rs.
736 4493 786 4547 tto
803 4502 826 4546 et
851 4494 903 4545 Sat.
921 4492 956 4546 lv
975 4511 1009 4547 vsi
1028 4494 1072 4548 1t.
1093 4549 1096 4553 ,
