3200 5525
794 750 837 814 52

323 938 388 998 tum
413 932 580 998 Mruuour
605 932 733 997 similem
758 932 920 1021 designari,
943 933 1015 1018 quia
1033 939 1169 1021 tempore
1192 934 1215 1000 J
1217 958 1301 1003 ovu-

322 1068 423 1113 naus
450 1049 514 1134 jam
549 1052 688 1112 mortuus
719 1053 807 1112 esset.
853 1048 960 1113 Nullis
990 1053 1092 1113 tamen
1111 1052 1302 1135 argumentis

321 1162 502 1228 sententiam
524 1186 608 1228 suam
629 1164 798 1242 confirmat,
821 1164 871 1228 cui
893 1185 1044 1249 opponere
1056 1187 1179 1249 possum
1200 1164 1301 1229 Mnu-

321 1297 447 1343 rrannn
468 1279 586 1343 duobus
601 1278 678 1342 locis
696 1278 767 1363 (IV,
792 1281 845 1355 80,
878 1281 934 1364 81)
960 1278 996 1342 de
1016 1278 1188 1343 Mruuonr
1213 1302 1300 1345 men·

319 1393 434 1459 tionem
454 1394 624 1471 facientem,
647 1393 794 1476 hospitem
819 1396 850 1456 et
870 1394 997 1457 amimea
1021 1415 1136 1457 vocare.
1182 1392 1246 1464 Qui
1271 1394 1298 1458 si

318 1506 400 1571 idem
424 1511 470 1571 est
494 1511 585 1589 atque
608 1505 661 1569 ille
681 1528 769 1589 quem
790 1504 812 1568 J
816 1527 981 1570 orsurus
1001 1508 1107 1593 carpit,
1129 1508 1206 1571 falso
1226 1530 1298 1573 eum

313 1621 468 1706 judicasse
495 1624 628 1707 apparet.
675 1619 735 1683 Sed
755 1619 814 1684 hoe
833 1620 912 1685 nihil
932 1622 1030 1709 magis
1053 1622 1191 1708 equidem
1215 1624 1297 1689 affir-

317 1756 399 1800 mare
431 1735 575 1814 audeam,
609 1757 698 1819 quam
734 1734 787 1798 ille
824 1757 909 1799 suam
941 1737 1123 1801 sententiam
1146 1736 1296 1823 probavit

318 1850 460 1916 Ceterum
485 1850 566 1916 idem
591 1872 701 1915 nomen
722 1850 803 1935 apud
827 1849 1038 1915 Mannum
1057 1852 1177 1937 saepius
1198 1853 1297 1915 offen·

318 1963 437 2045 dimus;
462 1966 515 2031 sed
536 1966 596 2030 dno
616 1964 775 2051 praecipue
788 1964 950 2045 loci-sunt,
973 1965 1027 2049 qui
1046 1965 1080 2029 in
1103 1964 1125 2027 J
1127 1985 1295 2030 uvnnaus

318 2077 519 2145 Msuuonnn
542 2080 655 2166 optime
679 2078 841 2143 convenire
863 2079 1015 2157 videntur,
1036 2080 1121 2145 Libr.
1144 2079 1225 2157 VII,
1247 2101 1295 2167 ep.

316 2190 359 2271 X,
393 2195 447 2260 ubi
479 2197 544 2281 ejus
579 2193 675 2259 libido
710 2194 927 2280 perstringitur
949 2195 1099 2280 simulque
1122 2195 1296 2260 ostenditur

316 2306 441 2374 divitem
466 2309 576 2375 fuisset

370 2446 373 2452 ⁶
396 2490 538 2553 Centenis
559 2491 649 2554 futuit
669 2493 772 2555 Matho
792 2495 928 2555 milibus:
950 2493 1014 2573 Ole,
1035 2493 1108 2571 quid
1127 2494 1166 2554 ad
1186 2494 1246 2555 ta?

321 2595 323 2599 ’
395 2596 464 2656 Non
489 2600 522 2656 tu
546 2601 712 2677 propterea,
733 2598 787 2659 sed
808 2598 911 2660 Matho
930 2617 1045 2688 pauper
1066 2602 1131 2662 erit.

315 2775 346 2837 et
357 2769 441 2836 Libr.
465 2769 507 2848 X,
526 2791 572 2856 ep.
583 2768 703 2849 XLVI,
714 2770 767 2837 ubi
779 2771 845 2857 ejus
855 2772 975 2837 vanitas
986 2771 1035 2838 his
1047 2773 1147 2840 verbis
1157 2775 1290 2844 ridetur:

394 2951 502 3015 Omnia
521 2954 568 3014 vis
588 2953 675 3032 belle,
695 2952 808 3035 Matho,
829 2955 938 3016 dicere.
980 2957 1038 3017 Dic
1057 2960 1219 3035 aliquando

394 3061 425 3119 et
445 3056 537 3118 bene:
559 3055 607 3117 dic
627 3061 779 3138 neutrum3
801 3057 850 3118 dte
870 3058 1030 3136 aliquando
1050 3062 1138 3120 mals.

359 3228 451 3293 Pnno
475 3232 585 3306 autem,
607 3251 697 3314 quem
721 3229 913 3295 Jovnunuts
934 3229 969 3293 in
991 3231 1054 3294 Sat.
1067 3231 1288 3300 VHnnacum

312 3339 485 3406 Mannorsn
497 3342 645 3422 nominat,
655 3343 760 3408 eodem
777 3364 903 3407 numero
914 3341 1070 3408 habendus
1084 3343 1222 3424 ridetur3
1234 3350 1288 3415 sed

311 3456 376 3541 ejus
392 3477 503 3520 nomen
526 3457 607 3544 apud
630 3456 793 3544 scriptores
813 3459 1011 3521 memoratum
1026 3479 1089 3523 non
1111 3459 1224 3527 inveni.
1238 3464 1286 3549 (l)

310 3684 455 3771 Ejusdem
475 3687 592 3752 Satirae
611 3709 654 3751 vs.
680 3687 745 3750 143
770 3686 896 3747 notatur
920 3682 1066 3768 Prosus,
1089 3711 1203 3777 pauper
1214 3713 1286 3756 cau·

310 3802 436 3882 sidicus,
458 3803 511 3888 qui
542 3807 643 3867 tamen
680 3798 807 3862 divitem
827 3820 859 3862 se
879 3821 944 3864 esse
964 3801 1096 3882 simulet,
1118 3809 1155 3872 ut
1173 3810 1286 3896 majore

309 3916 445 3983 mercede
468 3939 572 3982 causas
596 3916 675 4002 agat.
721 3911 963 3980 Confundendus
986 3915 1123 3986 hicnon
1147 3928 1195 3988 est
1212 3947 1284 3993 cum

310 4031 426 4098 Panno
450 4031 618 4098 clarissimo
645 4026 700 4091 illo
716 4026 949 4113 jurisconsulto,
971 4033 1025 4117 qui
1048 4034 1164 4102 Romae
1178 4040 1284 4104 floruit

308 4146 520 4214 Annxsunro
539 4145 670 4208 sivero
697 4140 873 4228 imperante.
922 4145 1042 4212 Ibidem
1062 4171 1105 4215 vs.
1130 4155 1195 4217 130
1221 4175 1283 4218 me-

308 4269 443 4330 moratur
474 4262 669 4335 uouemus,
703 4258 824 4344 dequo
852 4259 932 4326 idem
956 4263 1018 4329 fere
1042 4264 1205 4331 dicendum
1236 4271 1283 4332 est

343 4437 383 4505 (1)
402 4438 489 4488 Sumus
515 4438 629 4482 memorat
646 4431 753 4481 Psoouss
779 4431 905 4491 Passurus,
921 4441 946 4484 et
966 4434 1064 4487 Tacrrus
1082 4439 1164 4489 Arari.
1181 4439 1283 4496 roal.

305 4543 355 4593 cap.
370 4527 423 4584 Lx,
440 4526 488 4589 agir
505 4521 536 4574 dc
553 4522 643 4573 Procne
661 4519 762 4588 quodam
780 4524 897 4587 praefecto
913 4523 1028 4589 equitum.
