3200 5525
344 1778 362 1859 t
395 1780 424 1838 4.
453 1775 512 1841 DE
547 1777 855 1846 GRAMMATICIS
892 1782 947 1846 ΕΤ
985 1780 1275 1847 RHETORIBUS.

362 2319 411 2386 De
434 2321 699 2409 grammaticorum
724 2327 755 2388 et
767 2323 923 2388 rhetorum
935 2345 1045 2412 genere
1056 2328 1191 2412 aguntur
1202 2344 1294 2408 quae-

319 2434 388 2500 darn
410 2458 429 2501 a
451 2436 630 2501 Juvannnn
650 2437 683 2501 in
707 2437 880 2504 accinet
891 2438 968 2518 VH,
991 2436 1072 2502 unde
1083 2459 1187 2503 eorum
1199 2442 1295 2503 artem

318 2571 335 2614 e
355 2550 485 2615 Graecia
506 2552 636 2617 Romam
658 2553 890 2641 transmigrasse
912 2574 1075 2637 eorumque
1087 2552 1293 2618 conditionem

314 2663 389 2729 satis
408 2664 548 2729 miseram
567 2666 661 2730 fuisse
681 2672 813 2752 apparet.
859 2667 899 2731 In
920 2667 983 2732 Sat.
1002 2667 1058 2731 III
1077 2667 1168 2745 enim,
1180 2690 1223 2733 vs.
1249 2670 1267 2730 ⁷
1272 2671 1291 2731 6

315 2800 380 2866 sqq.
402 2779 605 2845 Unameruu
627 2781 703 2846 facit
726 2783 894 2848 dicentem:

397 2961 624 3043 Grammaticus,
645 2964 754 3046 rhetor,
775 2968 950 3045 geometres,
971 2967 1075 3045 pictor,
1095 2967 1212 3046 aliptes,
1256 2983 1275 3003 ³

395 3085 498 3148 augur,
520 3067 742 3149 schoenobates,
763 3068 904 3147 medicus,
925 3078 1047 3149 magus3
1068 3070 1168 3130 omnia
1187 3069 1271 3129 novit

394 3171 561 3233 Graeculus
578 3173 729 3252 esuriens3
750 3160 782 3232 in
805 3174 927 3253 coelum,
942 3173 1080 3253 jusseris,
1100 3173 1165 3234 ibit
1280 3237 1283 3242 ,

358 3343 408 3409 Ex
422 3344 480 3408 hac
492 3344 717 3409 enumeratione
729 3344 850 3424 artium,
872 3343 1031 3429 quas‚'qui
1044 3365 1112 3408 cum
1133 3342 1290 3408 contemtu

313 3459 456 3526 Graeculi
479 3465 635 3538 vocantur,
666 3461 889 3546 profiterentur,
925 3460 1034 3524 confici
1062 3464 1163 3546 potest
1179 3459 1290 3535 ,Juva-

311 3596 428 3639 nuncu
439 3597 478 3638 ne
489 3573 703 3661 grammaticos
716 3574 837 3657 quidem
858 3578 889 3637 et
907 3573 1043 3638 rhetores
1066 3575 1289 3661 magnifacere,

310 3710 490 3774 quamquam
510 3688 608 3774 primo
631 3687 698 3751 loeo
722 3709 773 3751 eos
795 3687 942 3751 nominat.
989 3687 1048 3750 Per
1068 3709 1186 3751 omnem
1207 3687 1286 3752 hanc

309 3803 427 3868 Satires
461 3809 578 3889 partem
598 3804 735 3886 queritur
759 3803 892 3867 Graecos
919 3802 1011 3866 nimis
1030 3825 1140 3888 magno
1160 3826 1285 3868 numero

309 3916 344 3981 in
375 3916 449 3980 urbe
480 3916 593 3980 versari
621 3937 783 4002 omnesque
812 3922 891 3981 artes
922 3916 1067 4002 profiteri,
1089 3939 1199 3999 eosque
1222 3939 1285 3980 non

309 4028 407 4093 claros
431 4029 513 4094 viros
532 4035 564 4095 et
588 4030 697 4117 dignos
721 4030 773 4095 secl
789 4029 919 4094 humiles
946 4030 1122 4118 plerumque
1146 4039 1177 4097 et
1200 4032 1285 4113 viles,
1364 4040 1368 4046 '

310 4147 493 4232 quapropter
516 4168 560 4211 vs.
581 4148 623 4209 60
645 4167 689 4230 sq.
712 4145 877 4210 exclamet:

388 4365 593 4384 ........
613 4324 682 4385 Non
702 4340 823 4403 possum
843 4325 930 4406 ferre,
951 4323 1093 4407 Quirites,

387 4425 533 4490 Graecam
552 4427 655 4489 urbem
675 4432 731 4489 cet.
