3200 5525
805 729 869 790 138

344 929 436 973 annu
471 908 587 988 exsilio,
621 908 707 994 quasi
742 909 897 973 molitores
929 928 1075 973 novarum
1109 929 1211 972 rerum
1239 929 1276 971 cs
1300 904 1320 934 ''

343 1021 507 1086 Consulem
531 1027 632 1088 autem
656 1022 750 1088 fnisse
762 1027 866 1087 narrat
886 1021 954 1087 D10
974 1022 1197 1086 Cnssruscum
1212 1021 1322 1085 Uarro

343 1135 501 1201 Turrino
521 1138 558 1203 A.
583 1136 623 1202 U.
649 1142 715 1204 844
741 1139 782 1225 (p.
806 1136 878 1203 Chr.
904 1139 970 1223 91),
993 1158 1053 1219 quo
1065 1158 1145 1200 anno
1156 1136 1238 1199 idem
1249 1156 1321 1221 pro-

342 1250 460 1337 digium
480 1252 674 1317 Gannnrour
697 1258 825 1318 mortem
849 1253 1067 1329 imminentem,
1089 1250 1320 1317 Tnasauoim-

338 1366 455 1451 perium
470 1367 607 1432 futurum
623 1368 813 1454 portendisse
837 1368 959 1431 dicitur.
1005 1367 1068 1439 Qui
1088 1388 1182 1450 quum
1206 1387 1318 1429 consu-

339 1479 435 1543 latum
455 1487 572 1566 gereret
596 1505 614 1546 a
637 1482 835 1547 Dourrrnuo
866 1483 900 1546 in
924 1481 1044 1546 Albano
1077 1503 1132 1544 suo
1155 1479 1320 1544 arcessitus

339 1598 394 1671 est,
429 1616 581 1679 quumque
616 1597 749 1663 venisset
779 1599 943 1683 imperator
974 1618 1042 1661 eum
1062 1595 1163 1683 coegit
1182 1615 1320 1680 pugnare

340 1708 483 1773 adversus
499 1711 654 1797 ingentem
677 1712 867 1798 ferocemque
892 1713 1019 1790 leonem,
1042 1732 1058 1774 e
1081 1732 1142 1794 quo
1154 1709 1319 1781 certamine

338 1823 438 1888 victor
473 1826 620 1891 discessit.
666 1827 765 1898 Quom
801 1827 842 1891 ob
876 1849 939 1891 rem
970 1826 1066 1889 iratus
1097 1824 1319 1888 D0n1r1auus

339 1960 408 2003 eum
428 1941 535 2005 exsilio
556 1942 705 2021 multavit,
729 1943 800 2006 ficta
824 1964 924 2006 rerum
952 1962 1097 2005 novarum
1117 1938 1319 2015 accusatione;

339 2054 526 2138 eundemque
549 2060 662 2140 postea,
684 2059 722 2122 A.
748 2057 788 2120 U.
815 2060 880 2120 848
896 2058 936 2141 (p.
962 2052 1036 2121 Chr.
1061 2054 1117 2139 95)
1141 2056 1177 2116 ut
1188 2052 1321 2128 videtur,

341 2168 587 2233 interficiendum
612 2171 740 2239 curavit.
764 2170 887 2236 Patrem
910 2191 981 2235 vero
1005 2169 1157 2232 Acmruu
1175 2165 1210 2228 in
1222 2164 1319 2229 Scho-

339 2284 390 2348 liis
413 2285 543 2370 legimus
566 2286 634 2351 ideo
655 2292 808 2353 servotum
831 2308 895 2351 esse
918 2308 936 2349 a
964 2284 1108 2348 Nnnoun
1127 2283 1147 2345 i.
1163 2303 1189 2344 e.
1211 2303 1230 2344 a
1249 2281 1319 2345 Do-

341 2419 494 2479 M1T1ANO,
516 2406 553 2465 ut
572 2402 708 2467 miserias
734 2402 861 2467 sentiret
881 2398 1030 2476 orbitatis,
1052 2418 1129 2481 quae
1153 2417 1225 2459 sane
1249 2416 1320 2459 nar-

339 2514 417 2577 ratio
453 2515 588 2581 moribus
620 2518 786 2583 saevissimi
807 2516 929 2601 tyranni
950 2516 1062 2601 optime
1085 2511 1248 2577 convenire
1270 2510 1319 2575 vi·

338 2627 436 2695 detur.

385 2742 557 2810 Dournrus
588 2745 817 2824 Onunnnruus,
845 2743 941 2808 nullis
963 2748 1066 2808 tamen
1089 2739 1203 2806 additis
1225 2760 1317 2827 argu·

339 2860 461 2933 mentis,
495 2862 621 2925 adnotat
656 2860 738 2924 hunc
762 2861 913 2924 Acrnruu
936 2858 1163 2922 Gnnsnrounu
1187 2855 1317 2921 eundem

338 2996 412 3052 csse,
436 2997 525 3059 quem
541 2975 683 3040 Parmos
707 2977 811 3061 uper.
833 2975 917 3039 Libr.
930 2975 956 3052 I,
968 2996 1013 3059 ep.
1025 2971 1107 3036 ΧΠ
1124 2973 1142 3055 ᾧ
1157 2975 1177 3034 6
1191 2970 1226 3034 P.
1237 2973 1317 3035 Acr-

314 3132 317 3137 -
339 3107 425 3151 mnu
445 3095 532 3154 vocet
555 3095 586 3154 et
609 3090 768 3176 gravitate,
790 3089 961 3175 prudentia,
980 3088 1038 3151 fide
1061 3108 1154 3171 prope
1166 3084 1317 3170 singulari

338 3202 432 3267 fuisse
456 3203 546 3267 dicat.
570 3204 672 3267 Unius
694 3209 795 3268 autem
817 3203 1009 3267 Juvuunurs
1031 3198 1206 3263 testimonio
1223 3197 1318 3263 doce·

340 3336 408 3377 mur
419 3316 569 3378 Acunum
582 3316 818 3394 Gansnrounu,
829 3316 934 3391 filium,
944 3311 1094 3376 insaniam
1106 3311 1274 3389 simulasse,
1281 3317 1318 3374 ut

340 3429 463 3510 tyranni
484 3429 696 3494 crudelitatem
720 3432 882 3516 effugeret,
904 3427 1033 3514 legimus
1045 3425 1127 3491 enirn
1138 3448 1182 3490 vs.
1196 3430 1239 3489 99
1253 3447 1318 3508 sqq.

420 3610 536 3672 Profuit
556 3630 626 3688 ergo
650 3612 726 3672 nihil
746 3613 862 3690 misero,
883 3608 962 3686 quod
982 3606 1145 3668 comminus
1163 3622 1248 3666 ursos
1268 3602 1316 3682 (1)

420 3713 530 3789 figebat
547 3716 693 3776 Numidas
713 3715 833 3776 Albana
852 3713 949 3772 nudus
970 3710 1084 3769 harena

420 3824 552 3878 venator.
593 3818 669 3892 Quis
690 3819 768 3879 enim
784 3818 849 3893 jam
870 3831 929 3872 non
950 3813 1107 3886 intellegat
1127 3817 1208 3872 artes

419 3921 587 4000 patricias?
608 3923 676 3998 quis
701 3922 830 4000 priscum
850 3917 925 3976 illud
945 3916 1069 3975 miratur
1089 3932 1223 3983 acumen,

420 4024 521 4102 Brute,
542 4025 656 4085 tuum?
677 4023 765 4084 facile
786 4027 834 4083 est
853 4019 977 4080 barbato
996 4019 1147 4095 imponere
1163 4018 1238 4093 regi.

378 4243 421 4308 (1)
439 4245 474 4293 Ad
492 4246 518 4294 h.
534 4247 549 4294 l
567 4248 591 4295 in
609 4244 712 4294 Scholiis
726 4245 839 4306 legimns:
857 4249 891 4293 »ct
907 4243 951 4291 isto
964 4242 1057 4304 iuvenis
1072 4241 1095 4290 in
1113 4240 1200 4289 lusorio
1209 4237 1318 4290 Caesaris

291 4398 298 4405 ι
337 4347 416 4384 »ursos
433 4350 501 4399 saepe
516 4337 581 4400 quasi
600 4341 696 4384 senator
713 4335 827 4383 occidit.”
844 4335 873 4382 Et
888 4340 950 4382 recte
969 4331 1118 4382 Harssrosros
1134 4329 1245 4379 adnotare
1258 4329 1318 4379 milri

340 4421 447 4473 ridetur:
463 4424 505 4487 pEr
521 4425 606 4484 erlegte
624 4421 696 4471 Bsren
715 4423 751 4471 boi
768 4422 814 4472 den
828 4422 1002 4478 venationibus,
1018 4420 1057 4470 die
1074 4418 1190 4469 Dounon
1206 4420 1248 4469 aut
1261 4418 1316 4467 dem

340 4509 463 4560 »Albanum
489 4512 566 4571 huung
591 4510 709 4559 rostellis.
727 4510 772 4560 Dm
788 4520 856 4574 sagi:
873 4512 971 4562 eriocht
987 4511 1032 4559 mit
1046 4513 1122 4559 ciuem
1139 4509 1234 4558 lowen.
1270 4507 1318 4558 nas

350 4599 454 4650 sosius
473 4599 554 4648 nicht:
572 4597 612 4648 das
629 4598 810 4661 lowengeiecht
824 4617 871 4652 war
890 4601 941 4651 sein
957 4600 1038 4651 letales
1054 4613 1079 4648 u.
1095 4612 1115 4647 s.
1131 4603 1177 4647 w.·'
