3200 5525
776 744 842 809 116

364 928 451 1001 Quae
462 925 563 992 autefii
575 927 764 1014 expurgandi
777 948 869 991 eausa
880 926 1054 991 Tiaaamu
1067 925 1180 991 dixisse
1200 924 1299 993 tradit

315 1043 507 1108 Sonoomos
526 1042 578 1107 l.l.
603 1063 667 1127 cap.
691 1041 780 1121 LXI,
802 1047 839 1105 ut
867 1062 957 1127 supra
985 1041 1127 1119 vidimus,
1161 1064 1195 1105 ae
1230 1065 1298 1107 eum

314 1161 442 1243 panim
462 1160 543 1244 quod
564 1159 754 1243 comperisset
774 1162 847 1234 eet.;
871 1178 961 1239 quam
984 1156 1085 1220 futilis
1108 1155 1182 1219 haee
1205 1161 1298 1239 atque

314 1273 416 1337 inanis
449 1272 583 1337 defensio
615 1277 702 1349 esset,
724 1272 790 1358 ipse
810 1270 954 1348 ostendit,
976 1291 1071 1354 quum
1090 1291 1162 1333 mox
1186 1270 1298 1334 addat:

318 1409 466 1471 nquorum
486 1387 552 1473 ipae
575 1386 713 1463 alterum,
736 1390 877 1471 suspecto
896 1386 978 1470 jam,
1000 1385 1128 1448 alterum
1152 1406 1298 1469 oppresso

317 1502 458 1566 adamum
481 1501 610 1565 Seiano
642 1498 831 1567 interemit.‘'

361 1614 609 1700 Oonjurationem
633 1614 668 1678 in
692 1614 866 1678 Tanaum
889 1612 997 1677 fecisse
1017 1613 1176 1677 Sestium
1188 1612 1297 1678 scribit

314 1728 464 1795 Fames
486 1728 653 1793 Josaanos
677 1729 781 1815 Antiq.
801 1728 876 1792 Jad.
898 1727 983 1791 Libr.
1004 1725 1132 1804 XVIII,
1152 1748 1217 1813 cap.
1238 1726 1297 1806 VI,

316 1846 335 1929 t
362 1847 392 1921 6,
426 1842 674 1929 quam-epistolis
699 1842 843 1908 Tieamo
866 1842 1038 1906 nuntiatam
1059 1863 1124 1905 esse
1157 1841 1233 1909 dioit
1257 1842 1296 1907 ab

289 1950 482 2037 amomi,
516 1980 610 2023 uxore
646 1958 766 2037 Daos1,
794 1958 932 2026 oniam
955 1956 1067 2033 fratris,
1091 1956 1202 2040 quibus
1225 1979 1294 2043 per·

313 2073 402 2138 lectis
425 2073 637 2159 imperatorem
654 2074 813 2138 Sestium
833 2071 1079 2136 interficiendum
1092 2093 1212 2162 curasse
1223 2094 1295 2135 nar·

314 2194 370 2253 rat.
394 2188 497 2253 Verba
521 2192 622 2252 autem
642 2188 783 2253 Josaam
809 2203 985 2275 ,tnofflovttc
1007 2205 1060 2281 γὰρ
1088 2208 1213 2282 μεγάλης
1244 2227 1293 2263 συ.

315 2320 445 2389 ’ἱστάσης
459 2316 504 2373 ἐπ’
521 2315 614 2372 αὐτὸν
624 2315 682 2372 ὑπὸ
693 2314 845 2387 Σηιανοιι·”
862 2305 943 2368 idem
957 2304 1091 2369 indicare
1104 2305 1293 2371 mihividen·

313 2424 381 2484 tur
417 2417 498 2503 quod
530 2439 548 2481 a
583 2416 695 2481 D10No
716 2422 872 2482 narratum
896 2441 961 2483 esse
984 2419 1127 2494 vidimus,
1150 2420 1294 2485 metuisse
1394 2453 1396 2456 ·

313 2531 487 2597 Τιιιιιιιιιιιι
510 2552 549 2594 ne
574 2529 612 2594 ad
632 2530 791 2597 Samoou
815 2531 975 2617 imperium
1000 2533 1159 2597 deferrent.
1205 2535 1292 2600 Idem

311 2646 374 2711 fere
401 2646 530 2733 legimus
561 2644 596 2708 in
619 2643 752 2709 Scholiia
776 2646 930 2710 veteribus
955 2646 993 2710 ad
1015 2646 1207 2712 Jovaaffls
1229 2649 1293 2713 sat.

312 2757 354 2838 X,
378 2784 422 2826 va.
443 2764 486 2825 63
523 2757 571 2824 his
608 2757 723 2824 verbis:
749 2759 920 2825 tamaius
943 2759 1003 2823 fuit
1027 2760 1171 2827 'Immo
1194 2785 1292 2847 usque

313 2873 407 2939 nadeo
428 2896 515 2938 carus
535 2873 659 2949 amicus,
682 2878 717 2937 ut
741 2872 820 2936 nihil
845 2877 932 2949 esset,
955 2874 1037 2958 quod
1059 2876 1086 2939 ei
1108 2898 1125 2939 a
1145 2876 1291 2940 Immo

312 2991 449 3076 npetenti
472 2992 647 3073 negaretur3
671 3008 766 3071 usque
790 2986 865 3050 adeo
889 2992 926 3051 ut
945 2989 1008 3073 jam
1034 2988 1071 3053 de
1087 2990 1152 3074 ejus
1173 2990 1290 3076 cogita·

313 3104 411 3169 averit
446 3125 529 3180 neae,
563 3101 720 3187 dispositis
757 3101 978 3184 conjurationis
1005 3101 1106 3177 sociis,
1128 3107 1164 3165 ut
1188 3105 1291 3169 occiso

314 3217 478 3282 nTroamo
489 3217 555 3302 ipse
567 3219 716 3299 regnaret.
740 3213 820 3276 Oum
832 3213 891 3276 hoo
911 3214 1104 3298 cognovisset
1116 3215 1294 3297 (emamus,

312 3351 422 3416 asuper
445 3330 510 3413 ejus
533 3328 656 3390 nomine
679 3326 838 3412 epistolam
862 3327 900 3390 ad
924 3331 1062 3391 senatum
1086 3327 1169 3392 misit
1192 3331 1293 3396 noetfl’

356 3441 426 3505 Jam
454 3443 523 3526 post
552 3438 673 3502 eaedem
705 3438 829 3502 Sosim
858 3439 892 3502 in
920 3440 985 3524 ejus
1004 3440 1149 3505 familiam
1169 3465 1289 3528 quoque

309 3556 458 3621 saevitum
489 3557 552 3632 est3
588 3551 668 3617 filios
701 3551 740 3616 ad
775 3556 904 3617 mortem
933 3575 998 3618 eoae
1026 3554 1135 3620 ductos
1159 3556 1291 3643 legimus

308 3671 386 3758 apud
420 3669 560 3734 Diouem
583 3667 605 3731 l.
628 3667 650 3731 l.
673 3671 705 3732 et
725 3666 806 3753 apud
827 3665 983 3732 tamam
1007 3671 1122 3733 Annal.
1141 3669 1226 3735 Libr.
1250 3669 1290 3750 V,

309 3807 374 3872 cap.
396 3784 457 3861 IX,
475 3783 630 3866 filiamque
650 3781 715 3866 ejus
735 3782 768 3845 in
789 3802 909 3845 earcere
932 3783 1102 3847 aearnifioe
1114 3785 1199 3870 priua
1212 3807 1287 3850 oon-

307 3903 502 3988 strepentem,
531 3895 641 3961 deinde
665 3895 857 3959 interfectam
882 3917 955 3973 esse,
978 3901 1010 3960 et
1033 3919 1137 3961 eorum
1162 3919 1288 3985 corpora

306 4013 340 4077 in
353 4011 449 4076 sealaa
469 4008 633 4075 Gemonias
647 4029 711 4071 ease
725 4008 869 4093 projecta.
892 4007 1064 4072 Scholiasta
1076 4008 1096 4074 l.
1108 4011 1129 4086 l,
1152 4011 1243 4075 dicit:
1256 4017 1288 4076 et

308 4127 373 4190 naie
390 4147 442 4210 per
467 4123 606 4188 eonsules
619 4122 778 4185 damnatus
804 4126 850 4185 est
874 4123 1038 4187 cumomni
1055 4125 1199 4210 progenie
1223 4149 1287 4205 sua,

307 4259 404 4324 usque
428 4237 511 4314 adeo,
533 4240 569 4300 ut
582 4235 675 4298 filiam
688 4234 712 4318 ej
717 4255 753 4296 us
765 4233 914 4320 virginem
923 4235 1045 4320 juberet
1056 4242 1179 4301 senatus
1190 4261 1208 4302 a
1220 4260 1287 4303 oar-

307 4349 417 4414 nnifiee
444 4346 575 4433 stuprari
596 4350 627 4410 et
651 4345 696 4409 sie
716 4345 825 4418 ooeidi,
847 4351 884 4409 ut
910 4348 979 4432 juie
1007 4348 1161 4414 videretur
1192 4349 1286 4414 fuisse

307 4462 452 4527 noeoiaaff'
499 4459 587 4523 Uxor
615 4480 685 4524 vero
718 4459 849 4536 Sosim,
871 4462 1031 4539 Ancaei,
1054 4464 1195 4528 damnata
1210 4465 1285 4548 >qui-
