3200 5525
806 756 871 816 160

356 938 427 1021 aqui
445 960 476 1002 se
492 958 546 1021 pro
571 935 723 1018 equitibus
743 935 891 1000 Romanis
920 939 1052 1021 agerent,
1075 934 1250 1021 publicavit.
1273 937 1330 1001 In·

356 1056 478 1139 ngratos
502 1050 589 1114 etde
610 1049 719 1133 quibus
747 1052 869 1136 patroni
889 1054 1096 1134 quererentur,
1117 1053 1272 1117 revocavit
1294 1052 1329 1115 in

355 1166 566 1231 nservitutem:
603 1165 817 1249 advocatisque
841 1187 943 1228 eorum
975 1166 1099 1252 negavit
1130 1188 1162 1230 se
1185 1166 1330 1232 adversus

356 1281 501 1345 alibertos
524 1280 659 1365 ipsorum
674 1281 725 1363 jus
746 1278 932 1345 dicturum.’'

400 1398 444 1460 At
467 1417 505 1458 ne
529 1393 580 1457 hie
605 1393 726 1477 quidem
750 1393 849 1457 honor
869 1394 1021 1458 libertinis
1045 1397 1182 1459 sufficere
1204 1395 1330 1460 videba-

355 1515 414 1587 tur,
446 1510 498 1592 qui
527 1508 607 1571 filios
628 1508 734 1571 saltem
760 1531 830 1571 suos
854 1508 935 1571 inter
959 1515 1111 1573 senatores
1130 1510 1252 1573 admitti
1276 1532 1331 1574 ou·

354 1630 469 1709 perant.
515 1622 661 1709 Legimus
693 1622 773 1685 enim
804 1623 988 1685 Ornuorurr
1010 1623 1107 1687 latum
1130 1624 1249 1688 olavum
1272 1624 1331 1688 tri·

354 1738 456 1804 buisse
479 1738 542 1801 filio
566 1737 712 1814 libertini,
736 1738 835 1814 ised?
859 1741 894 1799 ut
918 1735 1004 1800 addit
1016 1737 1205 1802 Sunrourus
1217 1741 1252 1804 ἐκ
1262 1741 1332 1805 vitu

358 1855 485 1919 Claudii
505 1876 568 1940 cap.
592 1852 717 1931 XXIV,
742 1852 819 1917 nsub
839 1852 1023 1928 conditione,
1044 1852 1069 1916 si
1083 1855 1167 1938 prius
1179 1854 1216 1918 ab
1228 1854 1331 1938 equite

357 1967 515 2032 nRomano
536 1967 698 2053 adoptatus
723 1965 830 2031 esset.''
880 1966 967 2037 Quae
992 1988 1039 2030 res
1063 1988 1081 2029 a
1104 1967 1258 2031 Curuuro
1278 1968 1332 2033 de-

355 2083 490 2147 fenditur
521 2083 554 2168 in
590 2081 726 2145 oratione
746 2081 886 2166 quadam,
909 2085 1051 2163 quaeest
1074 2081 1154 2167 apud
1174 2082 1333 2147 Tncrruu

357 2198 470 2261 Ausul.
493 2196 577 2261 Libr.
595 2197 655 2269 XI,
678 2218 743 2281 cap.
765 2196 888 2259 XXIV:
915 2198 978 2259 nAt
999 2196 1139 2259 eonditor
1156 2196 1333 2261 nostriRo·

358 2332 491 2374 annuus
510 2314 631 2374 tantum
656 2310 805 2396 sapientia
829 2310 937 2384 valuit,
960 2314 996 2373 ut
1021 2311 1180 2396 plerosque
1203 2311 1333 2397 populos

358 2426 481 2490 :feodum
498 2424 547 2488 die
567 2424 678 2501 hostes,
702 2425 773 2489 dein
800 2425 882 2489 cives
902 2424 1052 2490 habuerit.
1074 2426 1264 2490 Adrenaein
1275 2448 1333 2490 nos

360 2542 590 2627 oregnaverunt.
614 2538 844 2603 Libertinorum
868 2539 940 2604 filiis
963 2540 1160 2625 magistratus
1181 2541 1228 2626 (1)
1247 2563 1334 2605 man-

359 2655 457 2732 ndavi,
492 2676 563 2732 non,
597 2657 632 2716 ut
668 2654 803 2738 plerique
838 2654 997 2732 falluntur,
1020 2677 1136 2740 repens,
1160 2655 1213 2719 sed
1236 2654 1333 2740 priori

359 2771 490 2857 apopulo
525 2769 698 2834 factitatum
733 2766 810 2832 est.”
858 2769 957 2833 Narro
991 2774 1092 2833 tamen
1121 2769 1334 2835 libertinorum

357 2886 437 2950 filios
456 2908 519 2948 non
539 2883 668 2971 amplius
692 2885 725 2947 in
750 2888 889 2948 senatum
913 2885 1044 2962 admisit,
1056 2886 1132 2969 quin
1143 2886 1244 2964 etiam,
1255 2890 1334 2952 teste

358 3000 526 3064 Sirnrouro
547 3001 581 3062 iu
604 3000 671 3063 otto
690 2998 826 3062 Neronis
846 3021 909 3083 cap.
930 2999 1003 3077 XV,
1028 3000 1187 3064 tsadmissis
1211 3023 1229 3064 a
1252 3001 1336 3086 prio·

360 3113 464 3178 nribus
488 3112 677 3198 principibus
697 3111 827 3175 honores
864 3108 1050 3198 denegavit*
1096 3116 1242 3177 Attamen
1271 3114 1336 3180 suis

201 3255 319 3315 s·
358 3229 454 3316 ipsius
479 3229 585 3291 saltem
606 3226 723 3290 libertis
758 3226 886 3290 eundem
915 3227 1025 3291 favisse
1048 3227 1225 3291 conficimus
1245 3231 1337 3295 eSu·

361 3363 476 3408 arourr
499 3343 542 3411 l.l.
569 3365 634 3428 eap.
658 3342 793 3407 XXXII
818 3347 848 3406 et
868 3342 1006 3407 XXXV.

407 3457 602 3520 Vrrnrnruu
619 3478 736 3540 quoque
756 3455 874 3520 libertis
895 3457 958 3520 suis
978 3459 1074 3522 multa
1085 3459 1250 3528 indulsisse
1262 3486 1337 3530 eon·

364 3575 435 3650 stat,
456 3570 607 3656 imprimis
631 3572 791 3636 Asrnrroo
816 3575 847 3634 et
869 3569 1030 3650 Hrrnuro,
1054 3575 1232 3658 quinetiam
1244 3579 1337 3645 liber-

122 3312 199 3331 ⁶*x,j

363 3688 498 3751 tinorum
521 3686 669 3772 imagines
685 3684 813 3749 coluisse
837 3685 1007 3750 traditura
1031 3689 1201 3754 Sunrouro
1217 3693 1251 3757 a‘n
1269 3695 1337 3759 vita
1406 3702 1414 3713 ”

371 3803 494 3868 Vitellii
518 3824 581 3887 cap.
601 3801 649 3864 II:
676 3800 860 3863 nNnnorssr
884 3806 1042 3885 quoquest
1057 3803 1338 3874 Prunrrirrsima-

366 3917 472 4004 agines
493 3938 596 3979 aureas
620 3914 701 3978 inter
719 3914 814 3978 Lares
838 3913 965 3977 coluit.''
995 3917 1087 3988 Quod
1105 3921 1206 3986 minus
1224 3925 1338 3990 miran-

365 4034 435 4097 dum
461 4031 608 4108 videatur,
631 4033 656 4093 si
681 4050 783 4094 verum
808 4028 857 4105 sit,
879 4031 960 4111 quod
983 4027 1171 4101 Sunroiirus
1190 4041 1339 4126 exopini-

367 4169 423 4210 one
444 4144 662 4209 nonnullorum
677 4142 781 4221 tradit,
803 4143 899 4228 ipsius
920 4143 1077 4210 Vrrnnnrr
1100 4152 1220 4236 generis
1233 4159 1339 4219 auoto-

402 4337 443 4404 (1)
464 4336 587 4388 Guruuiuu
605 4337 694 4386 libertis
712 4349 804 4400 quoque
829 4340 971 4401 provinciam
997 4337 1109 4390 Judaeum
1130 4343 1262 4406 permisisse
1279 4344 1338 4407 legi·

368 4445 420 4480 mus
449 4428 510 4494 apud
533 4429 641 4489 ‚Treiruu
665 4428 726 4477 Hisi.
751 4428 817 4478 Libr.
844 4430 870 4488 V,
887 4445 939 4494 erp.
956 4431 996 4482 ix.
1032 4433 1214 4485 seimusauiem
1231 4435 1340 4494 Furious.

369 4519 496 4572 Puniens
512 4520 589 4571 liberii
603 4520 706 4578 fratrem,
723 4519 792 4571 inisse
810 4519 910 4571 iudaeae
933 4529 1115 4586 procuratorem.
