3200 5525
777 714 841 775 165

317 891 489 977 nquondam
512 892 541 956 ei
561 892 724 980 deneganti
750 892 816 978 [in]
842 892 1044 981 pugillaribus
1063 894 1294 980 quicquaman·

317 1011 486 1085 ructatum,
519 1004 663 1072 barbarus
691 1006 800 1094 lugens
836 1008 962 1087 obtulit;
988 1008 1091 1073 statim
1115 1010 1155 1075 ad
1171 1008 1293 1097 dispon-

317 1123 484 1186 nsationem
520 1122 679 1201 admissus,
701 1145 763 1187 non
787 1122 885 1187 multo
909 1128 979 1210 post
1002 1124 1294 1203 manumissusest;

317 1237 409 1301 ndein
426 1238 577 1303 curationi
598 1238 770 1305 Galliarum
793 1239 832 1304 ab
851 1241 1014 1304 Auousro
1023 1240 1223 1327 praepositus,
1242 1262 1295 1310 cas

318 1352 495 1438 aspoliavit:
518 1361 550 1418 et
574 1376 642 1418 cum
667 1356 810 1440 flagraret
826 1355 952 1434 invidia,
975 1356 1131 1420 basilicam
1158 1355 1215 1420 sub
1239 1376 1296 1419 no·

318 1468 418 1532 nmine
438 1469 472 1532 Ο.
493 1468 515 1531 J
519 1489 589 1533 nnn
613 1469 781 1533 (tunsurus
801 1469 981 1535 aedificavit.
1005 1470 1146 1534 Decessit
1167 1469 1224 1534 sub
1236 1469 1295 1533 Tr·

318 1602 452 1658 tannero,
482 1583 610 1669 proinde
644 1583 736 1661 dives,
765 1584 847 1669 quod
884 1583 997 1648 Casan
1023 1586 1072 1670 (1)
1096 1606 1168 1670 opes
1203 1583 1296 1648 etiam

318 1695 537 1776 aenhausisset,
560 1704 591 1762 et
615 1698 717 1761 dictus
741 1702 788 1797 est
812 1696 953 1762 habuisse
977 1720 1127 1778 nummos,
1145 1702 1294 1782 quantum

317 1812 423 1876 amilvi
447 1812 561 1877 volant.
606 1812 698 1877 Unde
721 1813 867 1876 Pnnsrus
894 1814 956 1898 [IL
982 1816 1061 1897 36]:

337 1990 425 2050 Nunc
445 1989 543 2050 Licini
564 1990 595 2049 in
616 2008 745 2071 campos,
767 2008 846 2051 nunc
867 1990 970 2075 Crassi
991 1992 1084 2051 mittit
1104 1992 1135 2051 in
1154 1991 1273 2052 aedes.”

361 2161 449 2232 Quae
468 2160 501 2224 in
521 2158 579 2224 hoe
598 2159 724 2225 Scholia
739 2166 903 2226 narrantur
922 2162 1084 2226 maximam
1105 2167 1295 2247 partemtcs·

316 2276 454 2341 timoniis
481 2276 663 2361 scriptorum
696 2277 926 2341 confirmantur.
973 2276 1088 2342 Narrat
1123 2276 1204 2341 enim
1228 2276 1296 2343 D10

317 2390 458 2454 Cassius
474 2390 558 2454 Libr.
569 2389 657 2467 LIV,
718 2412 748 2476 g.
774 2396 851 2468 535,
870 2391 1022 2454 chrnuu
1046 2389 1186 2454 aJunro
1210 2390 1296 2455 Oan-

318 2526 400 2568 sunn
433 2503 661 2582 manumissum,
692 2505 730 2568 ab
766 2507 928 2569 Aneusro
965 2504 1082 2568 Galliac
1112 2504 1297 2590 praefectum

317 2640 390 2695 esse,
413 2618 494 2681 unde
517 2616 692 2703 turpissima
712 2618 840 2683 avaritia
862 2622 1031 2683 commotus
1056 2617 1211 2683 vilissimis
1223 2618 1298 2681 arti·

318 2734 396 2798 ficiis
419 2732 562 2820 pecunias
587 2733 776 2819 corripuerit.
825 2733 900 2799 Tale
925 2740 1025 2799 autem
1047 2732 1216 2820 exemplum
1228 2733 1296 2798 Dro

317 2848 459 2911 CASSIUS
481 2848 515 2909 in
535 2846 604 2910 aliis
628 2848 729 2910 affert:
760 2863 829 2931 „unt
852 2860 882 2924 ἐς
894 2860 1038 2916 τοσοῦτόν
1050 2879 1082 2936 γε
1103 2862 1297 2934 κακοτροπίας

319 2963 490 3040 „Quicquam
512 2967 586 3021 ὥστε
607 2963 707 3033 ἐπειδή
721 2984 798 3026 τινες
819 2965 954 3038 εὶςφοραὶ
976 2963 1135 3036 κατάμῇνα
1155 2969 1223 3036 παρ’
1245 2961 1296 3018 αὖ·

300 3089 401 3151 Ἰ,,τοῐς
430 3080 586 3155 ἐγίγνοντο,
620 3076 885 3152 τεσσαρεσκαίδεκα
905 3076 1000 3140 αὐτάς
1020 3071 1173 3146 ποιῆσαι.”
1226 3064 1297 3128 Sta·

316 3179 379 3242 tuit
399 3179 479 3242 enim
492 3199 623 3242 mensem
648 3175 855 3255 Decembrem,
877 3181 914 3240 ut
932 3198 1043 3240 nomen
1055 3177 1155 3262 ipsum
1171 3177 1297 3242 'indica-

320 3300 383 3373 ret,
406 3293 557 3358 decimum
588 3291 661 3356 anni
692 3314 766 3368 essa,
790 3297 822 3356 et
847 3291 924 3355 duos
943 3290 1019 3354 alios
1044 3313 1124 3356 anno
1148 3292 1297 3378 adjunxit

320 3407 412 3480 Quod
447 3429 507 3492 quo
533 3407 660 3472 consilio
695 3407 804 3471 fecerit
837 3407 963 3472 dubium
998 3429 1062 3471 non
1084 3412 1146 3486 est;
1170 3430 1205 3472 eo
1226 3407 1297 3495 plus

317 3524 399 3588 enim
434 3522 578 3608 pecuniae
614 3545 631 3585 a
655 3522 754 3585 Gallis
778 3521 889 3608 exegit,
911 3543 970 3605 qno
993 3521 1079 3585 lucro
1102 3522 1295 3608 iniquissimo

318 3639 442 3704 divitias
461 3661 530 3702 suas
554 3637 649 3702 auxit.
696 3638 854 3701 Postremo
874 3640 976 3701 tamen
996 3636 1080 3701 Galli
1103 3636 1295 3704 vehementer

318 3777 387 3819 eum
411 3757 592 3818 accusarunt
615 3753 696 3839 apud
717 3755 920 3830 Aoensrnu,
941 3750 994 3835 qui
1007 3752 1157 3835 quomodo
1173 3775 1223 3816 eas
1236 3754 1295 3818 cri-

318 3869 499 3932 minationes
534 3869 692 3955 acceperit,
727 3869 810 3934 idem
832 3867 929 3932 tradit
952 3866 999 3932 his
1023 3866 1137 3934 verbis:
1162 3884 1296 3963 „ayma

321 3981 369 4062 »γὲ
392 4007 458 4040 τινα
477 3986 564 4062 ἔλεγε,
585 3991 635 4042 καί
655 3996 862 4063 προςεττοιεῑτο
883 3985 967 4063 ἕτερα
991 3986 1031 4060 μή
1051 3991 1213 4045 πιστεύειν.
1233 3994 1295 4047 Καὶ

318 4091 419 4164 „ibaar
437 4093 456 4146 α’
477 4094 525 4144 καὶ
548 4091 747 4166 συνέκρυπτεν,
766 4093 977 4165 αἰσχυνόμενος
1008 4093 1057 4148 (itt
1087 4097 1212 4172 τοιούτῳ
1234 4096 1297 4152 ἔπι·

321 4205 437 4282 ,redae
456 4200 622 4279 ὲκέχρητο.”
670 4192 814 4256 Lrornus
846 4197 949 4256 tamen
968 4192 1074 4287 Gallos
1098 4216 1130 4258 se
1152 4217 1297 4260 accusan-

316 4317 501 4328 u———n

357 4365 399 4440 (1)
420 4365 502 4416 Potius
530 4366 653 4429 legendum
686 4365 778 4416 videtur
804 4365 899 4425 Crassi,
923 4375 949 4418 ut
966 4368 1113 4419 conficiture
1129 4383 1197 4419 vorsu
1214 4367 1302 4427 Persii,

324 4458 414 4509 collatis
433 4459 537 4509 Senecae
555 4457 630 4523 Epist.
645 4456 713 4508 CXIX
731 4468 755 4508 ει
771 4457 837 4511 CXX.
