3200 5525
768 734 835 798 124

355 907 482 989 Respice
503 910 576 989 quid
595 919 734 975 moneant
754 915 846 993 leges,
866 913 938 990 quid
958 914 1041 976 curia
1061 912 1193 993 mandet,

353 1014 486 1090 praemia
505 1021 618 1091 quanta
636 1015 730 1077 bonos
749 1020 898 1093 maneant,
919 1032 1009 1092 quam
1028 1015 1152 1077 fulmine
1166 1015 1252 1093 jnsto

356 1118 388 1175 et
408 1115 516 1195 Capito
533 1122 564 1179 et
583 1119 722 1180 Numitor
741 1118 854 1180 ruerint
874 1118 1035 1180 damnante
1055 1124 1171 1196 senatu,

354 1215 471 1294 piratae
491 1218 626 1281 Cilicum.
666 1220 726 1282 sed
747 1220 820 1298 quid
840 1218 992 1281 damnatio
1012 1219 1151 1281 confert?

360 1387 585 1474 Intelligendus
608 1410 673 1453 esse
696 1388 818 1453 videtur
838 1388 1075 1456 Cossurmuus
1088 1387 1217 1452 Cnrlro
1230 1388 1292 1475 (1),

316 1498 443 1564 Ciliciae
462 1500 641 1585 praefectus,
651 1500 888 1586 repetundarum
902 1500 1074 1577 damnatus,
1085 1500 1122 1564 de
1134 1522 1195 1588 quo
1207 1522 1291 1564 men·

313 1612 359 1676 tio
379 1614 415 1676 fit
433 1614 514 1700 apud
537 1614 704 1692 Tsorrun,
726 1613 760 1678 in
785 1615 873 1700 cujus
896 1614 1011 1678 Auual.
1031 1612 1115 1679 Libr.
1143 1612 1204 1691 XI,
1225 1635 1290 1700 cap

315 1726 355 1804 V,
385 1749 428 1815 sq.
464 1727 593 1815 legimus
619 1730 663 1793 Α.
683 1728 724 1793 U.
750 1732 816 1794 800
852 1730 892 1816 (p.
921 1726 993 1792 Chr.
1026 1729 1084 1813 47)
1116 1732 1218 1814 patres
1252 1726 1290 1793 ab

313 1840 493 1927 imperatore
513 1841 668 1909 Cunumo
684 1842 838 1930 petivisse,
861 1848 896 1908 ut
920 1842 987 1929 lege
1007 1840 1116 1906 Cincin
1139 1840 1177 1904 de
1200 1840 1289 1905 donis

313 1958 345 2018 et
368 1955 544 2021 muneribus
556 1957 698 2042 perfidiae
710 1958 925 2023 advocatorum
937 1955 1102 2033 resisteret,
1112 1959 1145 2019 et
1157 1955 1291 2030 S1u1uu,

318 2070 473 2135 consulem
494 2071 695 2157 designatum,
718 2070 925 2136 vehementem
945 2070 979 2133 in
999 2050 1051 2134 eos
1070 2068 1211 2134 habuisse
1222 2090 1291 2133 ora·

315 2182 439 2259 tionem,
463 2183 515 2266 qui
539 2185 772 2269 repetundarum
796 2190 898 2250 essent
917 2184 1088 2249 accusandi.
1116 2184 1157 2247 In
1180 2182 1288 2247 horum

314 2319 440 2361 numero
464 2303 563 2362 eutem
588 2321 681 2382 quum
706 2306 807 2365 esseni
830 2301 990 2364 Summus
1014 2300 1289 2365 etcossurrrsus

313 2410 448 2489 Cnrrro,
484 2410 578 2495 oqui'’
606 2413 738 2498 (Tuom
762 2414 854 2479 verba
878 2420 950 2479 sunt
974 2436 1077 2479 eorum
1101 2414 1221 2499 culpam
1240 2414 1288 2477 in-

313 2525 456 2612 dicantis)
483 2549 565 2591 enon
584 2527 735 2613 judicium
762 2528 885 2615 (quippe
905 2531 939 2592 in
951 2529 1139 2614 manifest-os)
1153 2527 1207 2591 sed
1218 2548 1289 2613 poe-

314 2663 404 2706 nnam
428 2641 522 2705 statui
546 2642 720 2719 videbant}
742 2642 953 2728 imperatorem
979 2641 1132 2728 deprecati
1156 2646 1228 2705 sunt
1251 2662 1289 2705 nc

312 2756 605 2826 comdemnarenlur.
653 2756 738 2828 Quid
774 2761 874 2822 aulem
894 2758 1031 2843 oratione
1047 2780 1078 2821 se
1101 2754 1289 2821 defendendo

312 2895 330 2936 a
354 2873 508 2937 corporo
531 2873 685 2959 impetrati
706 2873 768 2936 sint
792 2873 923 2960 legimus
943 2896 1008 2960 cap.
1033 2872 1101 2937 VII
1120 2869 1289 2936 hocmodo:

314 2987 380 3051 sUt
400 2987 501 3051 minus
526 2987 633 3051 decora
657 2985 744 3064 haee,
765 2987 810 3050 ita
827 2985 909 3051 haud
921 2989 1034 3052 frustra
1047 2987 1130 3050 dicta
1141 2985 1291 3070 Princeps

316 3108 430 3181 stratus,
452 3102 606 3189 capiendis
630 3101 768 3186 pecuniis
791 3101 895 3186 posuit
918 3102 1042 3165 modum
1054 3100 1200 3182 usquead
1213 3101 1292 3165 dena

315 3217 481 3292 essestertia
500 3238 589 3298 quem
600 3215 714 3299 egressi
734 3213 968 3300 repetundarum
980 3215 1183 3277 tenerentur’'.
1208 3213 1292 3278 Cos·

313 3349 478 3394 sorranus
505 3327 602 3412 igitur
637 3326 763 3388 Cnrrro
798 3329 873 3388 tune
897 3326 1019 3409 quidem
1042 3325 1200 3391 absolutus
1225 3349 1291 3392 esse

311 3442 442 3517 videtur3
466 3443 570 3524 postca
592 3443 694 3502 tamen
714 3439 752 3504 A.
772 3437 813 3502 U.
835 3442 901 3505 810
934 3440 974 3526 (p.
996 3439 1067 3505 Chr.
1089 3442 1146 3526 57)
1177 3440 1289 3506 iterum

310 3552 544 3640 repetundarum
561 3573 631 3616 reus
655 3551 815 3616 damnatus
839 3558 895 3631 est,
917 3558 953 3618 ui
976 3554 1106 3641 legimus
1129 3554 1210 3639 apud
1223 3554 1290 3618 Tn-

309 3689 414 3733 orron
438 3668 551 3732 Annei.
573 3665 657 3731 Libr.
673 3665 771 3744 XIII,
792 3689 856 3754 cap.
880 3668 1043 3733 XXXIII
1089 3667 1193 3740 Quum
1206 3668 1288 3732 enim

312 3783 440 3848 Ciliciae
464 3781 634 3868 praefectus
651 3780 768 3858 fuisset,
790 3781 992 3868 provinciales
1017 3804 1085 3846 eum
1098 3786 1289 3859 accusarunt,

313 3892 549 3971 umaculosum''‚
572 3899 608 3958 ui
628 3893 726 3979 ipsius
746 3893 867 3959 Tnoirr
887 3898 956 3958 utar
968 3894 1076 3972 verbis,
1088 3893 1289 3976 ofoedumque

313 4016 364 4077 oet
385 4011 467 4077 idem
486 4011 538 4095 jus
562 4007 704 4072 audacius
724 4006 756 4070 in
778 4007 935 4093 provincia
947 4013 1056 4086 ratum,
1068 4007 1149 4092 quod
1157 4007 1191 4070 in
1203 4006 1287 4071 Urbe

311 4121 534 4202 sscxerouerelss’
561 4144 620 4206 qua
643 4124 706 4184 iam
731 4118 901 4184 vehementi
914 4121 1110 4185 accusatione
1121 4118 1288 4205 perculsus,

343 4363 386 4430 tt)
407 4365 483 4428 llnjus
500 4365 601 4413 nominis
615 4365 729 4426 originem
750 4364 851 4426 legimus
867 4366 928 4430 apud
947 4364 1095 4423 Pannissus,
1110 4365 1173 4416 libr.
1190 4366 1288 4431 lump·

306 4454 336 4512 ΙΙ.
353 4455 370 4520 8
387 4453 411 4511 ⁷,
429 4453 468 4520 qni
488 4452 551 4503 dicit
569 4451 705 4504 Ceutrones
723 4468 735 4501 n
753 4452 831 4515 cupite
850 4467 901 4503 esse
919 4454 1060 4504 derivatum.
