3200 5525
775 692 895 815 85⁹

309 929 349 996 A.
365 927 405 997 U.
417 934 483 998 807
510 932 552 1018 (p.
575 930 648 997 Chr.
669 933 726 1017 54)
751 931 859 996 Parthi
884 931 1158 1009 duceVonoocso,
1171 925 1286 995 iuvasi-

309 1066 399 1110 onem
419 1046 557 1111 fecerunt
579 1046 613 1110 in
638 1044 825 1121 Armeniam,
847 1046 935 1130 cujus
958 1044 1068 1109 nuntio
1086 1045 1190 1125 allato,
1208 1041 1288 1108 soci·

310 1181 400 1224 orum
417 1181 503 1247 reges
526 1160 560 1225 in
580 1159 719 1239 Oriente,
740 1161 774 1225 in
798 1160 838 1224 iis
857 1162 1009 1225 Asaraei
1033 1163 1064 1224 et
1083 1161 1290 1235 Aurrocrrus,

312 1272 415 1358 copias
437 1294 542 1359 parare
561 1272 641 1357 jussi
666 1277 790 1337 suntet
810 1273 972 1337 Goaauno
989 1273 1164 1337 aNrnona
1178 1271 1289 1337 missus

310 1388 367 1463 cst,
390 1386 443 1470 qui
459 1386 572 1451 bellum
595 1387 739 1480 adversus
764 1385 895 1452 Parthos
918 1392 1045 1475 gereret,
1068 1387 1151 1471 quod
1174 1388 1289 1451 Romae

310 1500 443 1565 maximo
466 1522 536 1565 curo
559 1501 672 1589 gaudio
692 1501 831 1566 anditum
853 1506 911 1579 est,
934 1502 1022 1587 cujus
1045 1501 1089 1565 rei
1113 1500 1192 1565 hanc
1215 1521 1288 1565 cau·

311 1635 374 1679 sam
408 1616 498 1678 affert
529 1614 676 1680 Tacrrus
705 1617 820 1680 Annei.
851 1614 936 1680 Libr.
968 1615 1064 1692 XIII,
1099 1636 1163 1700 cap.
1187 1614 1289 1679 VIII:

312 1727 551 1812 arridebaturque
562 1729 648 1793 locus
661 1728 828 1793 virtutibus
852 1729 1048 1814 patefactus.”
1072 1728 1141 1793 Nec
1157 1750 1225 1814 spes
1237 1751 1288 1793 eos

200 1923 206 1930 ³
312 1841 436 1919 fefellit3
459 1841 620 1905 Ooaauno
641 1841 724 1905 enim
737 1841 771 1905 in
784 1842 860 1906 Asia
880 1863 943 1905 non
955 1842 1056 1906 miuus
1070 1842 1182 1906 bonum
1194 1840 1290 1907 intre·

314 1956 477 2043 pidumqne
493 1954 602 2019 ducem
622 1978 654 2019 se
678 1955 840 2042 praestitit,
863 1977 954 2048 quam
978 1959 1048 2018 ante
1069 1955 1102 2018 in
1119 1954 1291 2019 Germania

313 2069 393 2139 Belli
413 2077 517 2135 antem
538 2068 675 2134 Parthici
699 2092 747 2134 res
771 2074 873 2156 gestas
896 2070 1028 2135 breuiter
1050 2090 1233 2145 enarremus,
1255 2074 1291 2133 ut

313 2184 473 2249 a'I'rcrro
496 2190 528 2250 et
551 2208 569 2250 a
589 2185 701 2249 Drous
722 2183 845 2249 Gnssro
869 2185 1029 2249 memoriae
1049 2186 1186 2271 proditae
1210 2189 1290 2248 sunt.

314 2298 363 2364 Ab
399 2286 534 2383 utroque
559 2304 660 2365 autem
689 2300 838 2385 scriptore
861 2299 1033 2366 Dourrrus
1056 2300 1109 2364 ille
1132 2299 1292 2364 Cerauno

313 2435 493 2500 magnopere
505 2413 716 2499 laudatur(l)‚
735 2413 943 2498 quiaDrona
957 2414 1040 2477 Libr.
1061 2413 1141 2477 LXI
1161 2413 1218 2477 sub
1242 2414 1293 2477 fin.

314 2526 428 2614 diguus
448 2532 584 2604 vocatur,
605 2526 659 2612 qui
680 2550 749 2591 cum
782 2526 935 2592 veteribus
959 2526 1107 2590 Romanis
1139 2546 1293 2611 compare-

314 2643 366 2704 tur
378 2640 416 2705 ob
429 2641 564 2726 corporis
577 2641 667 2719 vires,
688 2640 910 2718 fortitudinem,
921 2639 1123 2726 prudentiam,
1130 2639 1292 2724 justitiam,

315 2758 405 2823 fidem
429 2758 503 2822 etin
516 2781 587 2822 suos
606 2762 638 2822 et
649 2758 683 2822 in
694 2757 809 2836 hostes,
831 2777 924 2840 quam
948 2778 1058 2842 genere
1082 2754 1173 2819 etiam
1193 2754 1292 2821 clarus

318 2871 495 2936 celebratur.
519 2871 561 2935 Iit
573 2872 703 2959 legimus
710 2874 793 2959 apud
804 2871 961 2936 Tacrrun
973 2873 1088 2936 Anacl.
1100 2870 1184 2934 Libr.
1197 2869 1293 2950 XIII,

316 3008 381 3073 cap.
404 2986 506 3050 VIII:
531 2963 678 3072 ttcorpore
691 2987 809 3074 ingens,
830 2985 931 3052 verbis
954 2985 1125 3072 magnificis
1148 2990 1179 3049 et
1203 3007 1292 3070 super

318 3103 553 3189 rexperientiam
587 3103 824 3189 sapientiamque
844 3100 934 3164 etiam
959 3099 1059 3185 specie
1082 3098 1219 3162 inanium
1240 3121 1292 3163 va·

315 3219 427 3286 lidus.''
474 3218 613 3284 Eundem
649 3219 734 3284 Libr.
769 3216 862 3295 XIV,
884 3239 949 3302 cap.
968 3215 1084 3280 LVIII
1108 3214 1184 3279 dicit
1206 3237 1293 3300 prae-

315 3334 439 3420 cipuum
458 3334 539 3399 inter
555 3335 653 3399 claros
672 3339 704 3398 et
726 3335 872 3399 insontes.
919 3330 988 3394 Nec
1012 3330 1122 3394 mirum
1146 3334 1193 3393 est
1213 3330 1292 3412 ejus·

315 3448 397 3512 modi
425 3448 532 3526 virum,
568 3438 621 3533 uui
653 3449 749 3512 tantis
772 3448 914 3514 laudibus
935 3471 952 3512 a
977 3448 1176 3533 scriptoribus
1196 3446 1294 3512 extol-

316 3561 397 3626 latur
421 3561 528 3644 ouique
560 3561 608 3624 nil
632 3562 692 3623 nisi
717 3562 861 3624 severitas
885 3561 980 3624 nimia
1004 3561 1125 3625 crimini
1149 3565 1295 3640 vert-atur,

315 3674 427 3739 aemuli
458 3674 625 3760 patientem
658 3696 721 3738 non
751 3672 855 3750 fuisse,
889 3675 925 3735 ut
960 3673 1102 3736 docemur
1125 3695 1143 3735 a
1164 3674 1294 3736 'Pacrro

315 3789 429 3854 dcccl.
452 3789 537 3854 Libr.
564 3788 638 3867 XV,
661 3811 725 3875 cap.
749 3787 789 3850 V.
811 3785 889 3850 Tam
913 3789 1071 3849 strenuum
1096 3789 1196 3848 autem
1219 3785 1292 3850 belli

315 3903 424 3966 ducem
452 3904 550 3967 Narro
576 3904 711 3988 profecto
735 3924 798 3966 non
822 3901 956 3965 misisset
978 3901 1016 3964 ad
1037 3899 1149 3964 bellum
1173 3901 1293 3985 pericu·

316 4015 499 4081 losissimum
507 4018 744 4103 gerendum,nec
752 4015 892 4080 maximis
905 4014 1001 4102 copiis
1012 4013 1214 4100 praefecisset,
1223 4015 1294 4094 nisi,

352 4221 393 4289 (1)
413 4220 530 4270 Laudatur
545 4235 637 4285 quoqne
652 4221 681 4270 ab
702 4219 810 4270 dinanuo
832 4221 977 4270 Miserrima
994 4222 1076 4271 lteram
1095 4220 1219 4271 Gestarum·
1230 4223 1295 4272 Libr.

316 4313 365 4373 XV,
389 4327 442 4376 cap.
469 4312 490 4362 ll
508 4312 546 4361 his
571 4311 661 4360 verbis:
678 4331 765 4362 .....
776 4318 803 4360 ut
819 4311 938 4376 quondam
957 4313 1066 4363 [tornius
1086 4311 1194 4365 Ocurura
1212 4313 1299 4363 dieitur

316 4417 406 4454 occasus
432 4403 456 4452 iu
479 4395 607 4453 colluvione
625 4401 661 4452 illa
680 4401 803 4454 Neroniani
820 4402 902 4461 mccli,
923 4403 1093 4468 provinciarum
1111 4403 1173 4455 fidus
1191 4404 1299 4454 defensor

317 4500 352 4545 aa
371 4499 481 4545 cartus.··
