3200 5525
795 730 861 790 162

330 912 403 972 runt
426 907 571 986 libertini,
594 907 645 971 sed
670 906 761 972 etiam
781 907 939 993 quibusvis
959 910 1058 974 modis
1083 912 1199 977 divitiis
1219 916 1311 999 potiti

331 1028 411 1087 sunt.
438 1012 535 1087 ⁵Iade
560 1021 681 1087 luxuria
706 1028 811 1087 exorta
835 1029 882 1088 est
901 1029 996 1103 tanta,
1020 1031 1056 1090 ut
1075 1027 1207 1092 Snuncr
1231 1030 1310 1095 Nat.

332 1140 452 1208 Quaere.
476 1137 559 1203 Libr.
583 1140 601 1201 Ι
622 1139 678 1203 sub
702 1140 752 1202 fin.
776 1161 844 1225 pag.
870 1143 937 1202 698
950 1146 1101 1225 queratur:
1116 1143 1205 1207 nJam
1218 1144 1311 1209 liber·

329 1254 483 1317 atinorum
519 1252 710 1339 virgunculis
746 1254 779 1317 in
808 1276 904 1317 unum
929 1256 1084 1340 speculum
1109 1281 1171 1321 uon
1197 1261 1309 1324 sufficit

329 1368 403 1433 ailla
426 1368 490 1446 dos,
513 1390 602 1452 qnam
621 1368 704 1432 dedit
729 1374 853 1433 serratus
877 1392 932 1455 pro
953 1372 1119 1435 Sermone.
1152 1373 1307 1439 Processit

330 1482 431 1546 aenim
466 1482 687 1561 immodestius,
709 1483 858 1569 paulatim
874 1483 984 1569 opibus
1006 1486 1053 1571 (l)
1078 1485 1153 1571 ipsis
1177 1487 1309 1552 invitata

327 1588 477 1661 nluiruria:
502 1601 533 1660 et
555 1596 775 1662 incrementum
799 1598 909 1684 ingens
923 1598 997 1663 vitia
1009 1600 1220 1686 acceperunt.'’
1246 1602 1308 1667 His

325 1718 425 1777 antem
446 1705 563 1777 divitiis
585 1713 738 1777 interdum
760 1713 809 1777 usi
830 1718 903 1777 sunt
927 1714 1063 1779 libertini
1083 1716 1121 1780 ad
1139 1716 1243 1781 urbem
1256 1740 1306 1782 or·

324 1828 472 1906 nandam3
496 1829 540 1891 sic
558 1827 665 1892 balnea
685 1828 723 1893 ab
742 1827 782 1891 iis
803 1831 978 1891 constructa
997 1852 1061 1893 esse
1077 1830 1306 1917 legimusqno·

323 1927 397 2006 runi
415 1942 669 2029 magnificentiam
695 1942 826 2006 Snvncr
855 1941 953 2027 Epist.
976 1943 1153 2008 LXXXVI
1182 1946 1227 2009 sic
1251 1947 1304 2012 de-

323 2055 445 2120 scribit:
471 2057 532 2121 aEt
555 2056 654 2121 adhuc
674 2056 806 2143 plebejas
818 2056 936 2119 fistulas
956 2057 1071 2141 loquor:
1097 2059 1171 2143 qnid
1184 2083 1251 2124 cum
1264 2064 1304 2127 ad

325 2159 451 2234 abalnea
482 2172 695 2237 libertinorum
722 2170 913 2257 pervenero?
946 2176 1094 2254 qnantum
1123 2178 1305 2255 statuarum,

323 2288 491 2369 aquantum
528 2285 736 2349 columnarum
764 2290 811 2349 est
841 2282 920 2347 nihil
942 2286 1168 2366 sustinentium,
1191 2288 1245 2351 sed
1267 2289 1302 2353 in

322 2403 553 2464 ¹cornamentum
577 2400 752 2485 positarum,
763 2397 916 2483 impensae
929 2399 1035 2462 causat
1047 2404 1194 2483 quantum
1207 2424 1301 2486 aqua·

323 2502 410 2578 nrum
442 2536 495 2601 per
526 2513 639 2601 gradus
664 2535 731 2576 cum
757 2512 876 2597 fragore
897 2510 1084 2577 labentium?
1109 2514 1155 2579 Ilo
1176 2516 1301 2581 delicia-

322 2653 410 2695 arum
433 2630 633 2719 pervenimus,
656 2635 691 2693 ut
715 2628 775 2692 nisi
795 2650 930 2713 gemmas
954 2628 1069 2693 calcare
1088 2630 1253 2695 nolimus.'’

366 2748 492 2835 Saepius
510 2751 610 2812 autem
627 2745 674 2810 illi
698 2744 913 2831 imperatorum
931 2743 1033 2809 liberti
1047 2746 1229 2811 auctoritate
1242 2771 1300 2813 sua

319 2863 521 2929 abutebantur
555 2868 590 2928 ut
611 2862 649 2926 ad
673 2885 781 2948 magna
811 2860 949 2924 facinora
971 2883 1023 2924 eos
1046 2862 1219 2940 incitarent,
1242 2887 1299 2929 nec

316 3000 385 3043 raro
411 2979 502 3044 etiam
531 2978 659 3042 aliorum
692 2977 794 3041 liberti
821 2977 954 3040 dominis
974 2978 1083 3041 terrori
1104 2983 1199 3056 erant,
1221 3001 1298 3064 quos

317 3095 520 3160 delationibus
545 3096 592 3180 (2)
618 3097 649 3158 et
673 3091 919 3156 accusationibus
940 3095 1094 3156 vexaverit.
1118 3093 1210 3164 Quod
1234 3117 1298 3159 ma-

316 3209 379 3273 lum
395 3215 554 3295 tantopere
570 3208 666 3273 crevit
678 3212 723 3285 ut,
745 3211 824 3271 teste
838 3207 964 3270 Tecmo
978 3209 1091 3271 dcccl.
1104 3207 1188 3271 Libr.
1200 3207 1298 3286 XIII,

316 3344 380 3410 cap.
404 3323 529 3399 XXVI,
553 3323 589 3387 de
611 3321 769 3387 fraudibus
794 3321 1006 3385 libertinorum
1019 3344 1111 3405 quum
1130 3321 1164 3385 in
1188 3329 1297 3390 senatu

315 3443 455 3526 ageretur
485 3440 523 3502 A.
548 3438 587 3504 U.
617 3441 682 3501 809
714 3440 755 3523 (p.
779 3435 853 3500 Chr.
875 3437 931 3520 56)
952 3437 1148 3522 efflagitatum
1173 3437 1213 3500 sit
1239 3443 1296 3503 unt

315 3556 480 3621 cadversus
512 3555 589 3619 male
609 3555 733 3619 meritos
748 3551 936 3619 revocandae
955 3552 1106 3618 libertatis
1121 3553 1173 3638 jus
1192 3561 1294 3640 patro-

314 3670 383 3736 anis
407 3668 557 3736 daretur.”
599 3669 807 3734 Miserrimam
832 3665 941 3731 horum
965 3671 1135 3753 temporum
1160 3670 1293 3734 conditi·

312 3778 400 3851 onem
428 3786 583 3851 verissime
619 3787 674 3850 tali
707 3784 795 3849 modo
828 3782 974 3848 describit
1002 3783 1151 3847 Tucrvus
1178 3787 1294 3850 Aaual.

311 3902 396 3968 Libr.
413 3927 414 3931 ¹
431 3903 496 3982 III,
531 3925 597 3988 cap.
620 3901 784 3967 XXXVI:
811 3899 1002 3964 aIncedebat
1025 3899 1105 3963 enim
1130 3901 1293 3966 deterrimo

312 4017 443 4102 >venique
470 4015 594 4081 licentia
625 4017 749 4102 impune
780 4013 890 4100 probra
914 4018 944 4078 et
967 4013 1113 4078 invidiam
1138 4015 1171 4078 in
1195 4015 1291 4080 bonos

310 4129 485 4195 ›sexcitandi
517 4135 636 4217 arrepta
670 4128 802 4216 imagine
839 4128 986 4206 Caesaris,
1017 4129 1179 4214 libertique
1198 4132 1289 4196 etiam

322 4279 535 4396 mbos
552 4330 686 4380 libertorum
705 4328 735 4376 cf.
750 4328 848 4377 Troicus
865 4327 946 4376 dunel.
964 4326 1028 4378 libr.
1047 4328 1088 4379 llll
1097 4343 1147 4392 cap.
1155 4327 1215 4384 Llll.
1226 4329 1287 4380 Libv.

306 4420 364 4478 xlv,
382 4435 431 4484 cap.
446 4419 492 4468 LV.

342 4508 385 4577 (2)
405 4509 445 4559 vid
463 4508 561 4561 Trauos
579 4507 643 4558 Hire.
662 4506 725 4556 libr.
743 4508 761 4566 l,
777 4521 833 4570 oap.
852 4507 882 4554 ΙΙ.
953 4526 955 4531 ·

1384 4394 1458 4450 Ἣ(
