3200 5525
346 756 382 802 IV
786 777 877 786 —-

348 924 483 1007 riputum
514 947 559 986 me
595 924 692 987 dieere
728 925 865 1001 audeam,
889 945 942 987 uer
961 923 1059 1007 ptam
1081 930 1180 986 tamem
1204 941 1324 986 coame-

347 1039 466 1102 tudiuio
490 1046 561 1103 tuae
583 1039 794 1123 doctrinaeque
819 1040 941 1125 fuerim
964 1060 1076 1123 erpere.
1126 1039 1221 1106 Quarum
1245 1036 1324 1100 emim

347 1154 438 1217 eot'to
460 1175 540 1216 mare
559 1153 623 1217 tuie
648 1153 827 1217 teatiouibua
852 1153 1020 1217 auditorem
1043 1152 1148 1215 adeoee
1166 1152 1242 1214 midi
1265 1172 1323 1213 mam

348 1268 531 1351 eoutiqieaet,
554 1269 685 1352 bospitio
696 1269 777 1351 jura
805 1269 882 1331 milri
902 1268 1075 1331 eoueeeeioti
1095 1274 1124 1331 et
1147 1265 1185 1330 de
1206 1264 1324 1348 imqemti

347 1389 402 1445 tua
438 1383 619 1446 eruditioris
654 1382 741 1466 eoqoia
766 1382 893 1465 torqiter
916 1370 946 1446 et
969 1381 1093 1463 benique
1115 1381 1192 1443 miti
1213 1382 1323 1463 imper·

347 1497 424 1559 titus
452 1518 490 1559 eo.
538 1495 719 1581 Praeceptis
742 1504 844 1561 autem
873 1496 1067 1579 comitiisque
1086 1496 1150 1559 taio
1180 1501 1323 1578 quamtum

346 1632 393 1672 me
415 1609 573 1693 adjuveris
596 1611 639 1673 ad
659 1618 771 1675 rectam
793 1611 965 1675 etudiomrm
988 1611 1072 1674 uiam
1095 1609 1323 1693 iuqredieudam

347 1731 377 1787 et
399 1747 471 1789 oera
495 1748 514 1788 a
526 1725 632 1810 saleio
647 1726 873 1808 diatimqueuda
891 1748 1041 1809 numquam
1053 1748 1112 1790 nou
1120 1732 1208 1807 qrato
1221 1725 1322 1788 auimo

346 1841 527 1905 recordabor.

398 2072 523 2135 Utiuam
551 2073 608 2135 tibi
633 2094 743 2155 qaoque
763 2080 893 2160 quaterno
916 2073 1020 2149 amieo,
1042 2072 1211 2136 elarieoime
1230 2070 1323 2133 Hm,-

348 2204 472 2262 ιΕΜΛΝ,
504 2188 613 2270 quatum
636 2187 686 2249 die
705 2193 828 2268 qratum
851 2186 984 2249 amimam
1000 2186 1110 2250 testam·
1128 2207 1246 2269 quorsom
1264 2208 1322 2269 quo

348 2299 456 2363 mrdtia
491 2322 567 2384 quae
598 2302 696 2364 imme
716 2301 876 2365 ooutaiieti
897 2299 1073 2385 benefieiis!
1102 2299 1132 2361 V
1128 2321 1218 2376 eram,
1239 2302 1322 2377 elaea,

347 2414 510 2478 immatura
543 2437 621 2478 mora
657 2422 687 2479 te
721 2415 893 2499 discipulis,
920 2414 1036 2491 auide,
1057 2415 1179 2491 etadiio,
1196 2416 1322 2498 patriae

280 2587 284 2592 .
349 2529 472 2612 eripuit.
519 2528 619 2593 Fama
651 2537 751 2593 tamea
785 2537 840 2593 tua
874 2536 1027 2613 superstes
1061 2537 1106 2593 eat
1129 2536 1159 2593 et
1180 2530 1321 2593 memoria

346 2648 457 2719 mouet,
480 2664 567 2725 quam
585 2642 640 2727 pie
663 2643 796 2726 equidem
816 2664 931 2727 remqoer
952 2644 1082 2707 aeroabo.

398 2867 457 2932 Voo
482 2871 615 2955 denique,
637 2873 766 2948 redoleo,
787 2894 908 2956 quarum
926 2896 985 2957 per
1006 2874 1102 2937 uitam
1121 2873 1321 2938 academicam

347 2990 377 3047 et
393 2984 536 3069 jrrouuda
560 2994 590 3052 et
613 2988 704 3052 uotum
726 2988 803 3051 miti
822 2989 897 3072 fuit
919 2988 1066 3064 amicitia,
1088 2988 1190 3052 audete
1211 2995 1242 3053 et
1263 2989 1322 3051 mei

346 3105 440 3164 estote
475 3124 623 3180 memores,
659 3125 695 3167 aa
723 3124 905 3186 qoerouaeum
935 3103 1018 3166 rabie
1045 3102 1151 3165 iubete
1171 3123 1321 3186 uunquam

334 3213 412 3294 fore
432 3223 467 3279 ut
487 3217 582 3280 aeetri
604 3217 744 3282 memoria
772 3238 837 3281 meo
860 3217 963 3281 auimo
986 3215 1114 3281 eaaidat.

393 3443 611 3508 Amateiodami
634 3467 732 3510 meuee
758 3421 877 3511 Ortoiri
902 3447 999 3508 1864.
