3200 5525
790 717 835 781 88

320 895 447 966 Romam
472 897 607 964 mitteret
630 896 668 963 de
691 899 840 964 firmanda
851 921 923 986 paee
935 904 967 964 et
979 900 1016 966 de
1027 901 1193 967 Armeniae
1202 925 1301 992 regno

319 1014 459 1099 petendo,
481 1013 611 1078 indutiis
627 1013 750 1078 interim
771 1036 789 1078 a
812 1014 1066 1080 consuesset
1090 1018 1250 1082 concessis.

364 1127 487 1192 Interea
518 1126 734 1191 Consunruus
765 1126 898 1190 Parrus
924 1128 972 1212 (1)
997 1149 1015 1191 a
1038 1128 1182 1194 anonn
1198 1130 1297 1217 ipsius

317 1239 535 1305 Gonnuuorus
554 1245 664 1327 rogatu
689 1241 799 1304 missus
817 1245 872 1318 est,
895 1240 947 1324 qui
960 1241 1123 1307 Armeniae
1135 1251 1297 1329 praeesset,

317 1360 410 1438 quum
437 1355 502 1441 ipse
538 1354 699 1419 Cessero
734 1354 768 1417 in
788 1353 877 1438 Syria
900 1376 948 1419 res
968 1355 1202 1421 administraret.
1226 1358 1297 1422 Neo

315 1470 414 1535 multo
444 1475 514 1557 post
537 1490 631 1554 quum
650 1468 754 1556 legati,
777 1490 840 1533 non
858 1468 1028 1555 impetratis
1052 1492 1129 1555 quae
1148 1477 1296 1557 peterent,

315 1584 414 1662 ¹Roma
438 1585 608 1663 rediissent,
630 1582 829 1647 Vonoonsus
846 1583 961 1648 bellum
971 1587 1138 1662 renovavit,
1149 1586 1202 1669 qui
1214 1588 1295 1651 irus-

314 1701 362 1761 tra
375 1701 502 1763 conatus
514 1697 633 1782 Syriam
641 1696 792 1775 invadere,
801 1720 878 1782 quae
889 1696 1046 1783 provincia
1059 1722 1076 1763 a
1088 1699 1294 1764 Consurrorur

314 1812 425 1878 aeriter
461 1811 676 1877 defendebatur
706 1812 774 1897 (2),
801 1811 913 1875 bellum
938 1813 971 1875 in
1003 1814 1177 1877 Armeniam
1194 1821 1294 1879 trans-

313 1927 397 2006 tulit,
419 1925 474 1991 ubi.
492 1925 628 1990 Pennus
649 1930 736 1989 tanta
759 1926 911 2012 imperitia
935 1932 966 1989 et
989 1929 1159 1993 temeritate
1179 1929 1292 1993 bellum

312 2042 408 2130 gessit
441 2043 512 2126 (3),
534 2044 570 2103 ut
602 2062 620 2103 a
648 2039 773 2106 Parthis
807 2040 928 2103 incluso
948 2042 1096 2106 auxilinm
1120 2042 1293 2130 aConBu·

313 2177 401 2221 norun
432 2155 460 2218 ei
484 2152 647 2240 petendum
676 2158 771 2229 esset3
807 2154 860 2237 qui
893 2177 985 2238 quum
1022 2178 1082 2220 non
1111 2162 1294 2243 properaret,

312 2269 431 2333 foedere
443 2269 545 2331 minus
557 2267 689 2331 honeste
698 2289 767 2331 oum
787 2266 928 2333 hostibus
952 2269 1040 2348 inito,
1063 2293 1131 2335 omn
1155 2271 1292 2355 reliquiis

313 2383 361 2447 sui
384 2384 534 2447 exereitus
559 2380 894 2448 consummaturam
908 2382 1291 2472 iaetus,huiopersuaders

312 2519 375 2561 non
410 2497 522 2585 potuit,
544 2500 581 2561 ut
603 2496 721 2581 junctis
742 2497 839 2583 copiis
857 2499 1035 2563 Armeniam
1057 2500 1244 2565 invaderent.

358 2612 558 2676 Vonoonsus
577 2611 700 2676 interim
724 2612 920 2677 Momnnsurr
939 2614 977 2677 ad
989 2613 1222 2679 Connunonrrr
1232 2615 1290 2680 mi.-

311 2727 362 2808 sit,
396 2727 477 2793 inter
504 2749 590 2812 quos,
624 2725 776 2812 colloquio
795 2726 829 2794 in
849 2732 943 2814 ponte
966 2728 1102 2794 fluminis
1122 2728 1290 2816 Euphratis

310 2842 425 2922 habito,
448 2841 591 2907 convenit
619 2843 779 2908 Romanos
802 2843 957 2930 regionem
976 2848 1062 2908 trans
1092 2844 1291 2930 Euphratem,

311 2955 441 3024 Parthos
473 2977 544 3020 vero
567 2957 742 3022 Armeniam
763 2980 828 3022 esse
860 2957 1035 3036 relicturos,
1064 2981 1157 3041 quum
1176 2959 1289 3024 iterum

311 3072 404 3161 legati
423 3070 607 3136 Parthorum
626 3071 665 3135 ad
688 3072 861 3135 Nunorrun
883 3071 1016 3134 adirent..

359 3188 420 3252 His
440 3191 540 3249 autem
559 3187 600 3248 A.
618 3184 658 3246 U.
680 3188 745 3246 816
768 3184 808 3268 (p.
828 3182 900 3245 Chr.
925 3185 981 3266 63)
1011 3182 1139 3245 Romam
1163 3185 1289 3247 venien-

310 3301 393 3366 tibus
417 3319 593 3382 responsum
619 3316 683 3358 esse
703 3295 832 3379 legimus
852 3295 932 3379 apud
957 3294 1096 3360 Drorrnu
1116 3295 1288 3364 Orssrurr:

311 3416 382 3492 „adr
407 3417 560 3488 ’Λρμενὶαν
590 3407 697 3465 δώσειν
721 3409 763 3484 τῷ
791 3410 947 3486 Τηριϋάτῃ,
976 3410 1010 3466 ἅν
1029 3411 1059 3474 ἐς
1093 3410 1143 3481 τήν
1172 3412 1289 3487 Ῥώμην

311 3522 463 3605 ηᾱμὲοθῃῇ
510 3511 660 3576 Tnorrus
687 3514 789 3574 tamen
814 3511 907 3596 paulo
925 3512 1013 3577 aliter
1033 3535 1096 3577 rem
1113 3515 1284 3599 exponitin

307 3631 425 3697 Aeaei.
450 3627 535 3691 biba.
560 3624 633 3704 XV,
657 3646 719 3711 cap.
737 3624 834 3689 XXV
857 3625 916 3690 hoo
941 3627 1044 3691 modo:
1070 3627 1176 3691 thriti
1188 3627 1286 3714 igitur

309 3743 539 3819 ammittuntur,
573 3760 642 3803 oum
668 3738 756 3802 donis
772 3742 883 3818 tamen,
906 3741 987 3805 unde
1011 3764 1079 3828 spes
1103 3743 1198 3821 fieret,
1222 3767 1285 3807 non

308 3861 441 3925 afrustra
460 3855 562 3920 eadem
583 3858 742 3918 oraturum
755 3854 959 3933 Trmnarrn,
972 3855 997 3920 si
1010 3878 1114 3942 preces
1126 3856 1190 3942 ipse
1203 3862 1285 3921 attu-

304 3975 501 3994 Μ

343 4031 386 4100 (1)
406 4031 448 4080 Dio
475 4027 574 4079 Crssrus
599 4023 639 4073 Η.
663 4037 717 4072 eum
735 4025 801 4073 voest
822 4019 954 4082 Λούκιον
982 4012 1015 4072 δὲ
1037 4017 1145 4075 Σένιον
1162 4023 1285 4111 Παῖτον,

307 4148 353 4186 οοο
370 4139 433 4182 reela
450 4139 477 4181 ut
497 4131 554 4180 mihi
573 4128 676 4194 videtum
685 4129 809 4192 legendum
817 4131 956 4194 essejudieo
965 4125 1097 4179 Λούκιον
1106 4122 1285 4182 Καισέννιον

307 4233 427 4286 Παῖτον.

341 4326 384 4395 (2)
404 4321 456 4373 vid.
473 4322 569 4370 Trcrrus
587 4321 670 4371 donet.
683 4320 747 4371 Lihr.
761 4321 814 4380 hv,
830 4337 882 4388 cap.
900 4324 940 4373 ΙΧ.

342 4419 382 4486 (3)
401 4413 451 4464 vid.
476 4412 574 4462 Trerrus
601 4411 681 4462 dunat.
705 4411 770 4462 uibr.
792 4411 845 4470 XV,
868 4429 920 4480 cap.
947 4412 1092 4471 vn-an
1123 4413 1165 4462 Dro
1190 4413 1286 4465 Crassus

305 4511 369 4562 Libr.
385 4503 444 4558 oxu
463 4500 540 4552 initio.
