3200 5525
777 745 845 807 134

318 925 441 992 minus
459 924 545 990 nosci
568 924 603 989 iu
626 925 768 990 extremis
792 924 929 1011 partibus
948 929 1106 1002 terrerum,
1130 949 1222 1010 quam
1234 928 1297 992 Oa-

319 1064 415 1128 upuae
447 1045 500 1105 aut
531 1039 682 1105 Vercellis
708 1041 766 1126 (1),
788 1040 841 1104 ubi
862 1040 927 1104 nati
945 1040 1098 1105 dicuntur.
1144 1043 1214 1105 Nec
1237 1042 1297 1107 hoo

318 1155 424 1219 millius
445 1153 572 1219 alterius
595 1158 641 1218 ter
663 1154 761 1218 milies
774 1154 948 1218 sestertium
961 1156 1008 1240 (2)
1022 1159 1164 1239 praestat,
1177 1156 1296 1239 (quam-

317 1292 427 1355 nquam
450 1269 489 1333 ad
509 1268 564 1333 has
582 1270 664 1355 ipsas
684 1291 756 1354 opes
776 1273 905 1353 possunt
929 1268 1025 1332 videri
1037 1269 1228 1353 eloquentiae
1241 1270 1295 1334 be·

317 1384 448 1448 unefieio
462 1384 592 1470 venisse)
622 1384 706 1469 [sed]
726 1385 792 1468 ipsa
816 1384 988 1467 eloquentia
1012 1388 1086 1447 cet.''
1108 1385 1153 1447 At
1176 1389 1297 1468 praeter

315 1499 518 1583 eloquentiam
542 1520 681 1584 magnam
705 1503 822 1583 partem
843 1497 1046 1561 delationibus
1067 1521 1136 1561 suas
1157 1521 1229 1584 opes
1242 1499 1295 1563 de-

314 1612 417 1678 buisse
442 1612 517 1676 mihi
553 1612 684 1677 ridetur.
707 1612 813 1699 Pergit
841 1614 932 1677 Arrun
965 1613 1200 1677 demonstrando
1234 1636 1297 1691 eos,

315 1750 391 1812 quos
411 1728 540 1793 obscuro
559 1730 628 1793 loco
647 1733 678 1793 et
697 1729 731 1792 in
751 1733 927 1814 paupertate
951 1734 1038 1793 natos
1057 1752 1122 1793 esse
1134 1730 1219 1808 dicit,
1230 1731 1294 1795 elo·

314 1842 438 1926 quentia
461 1842 629 1928 potentiam
653 1847 684 1907 et
708 1842 932 1910 Vnsrnsunr
955 1844 1088 1909 favorem
1112 1850 1294 1909 consecutos

315 1978 395 2020 esse:
420 1958 573 2041 solamque
596 1956 798 2041 eloquentiam
823 1979 874 2021 eos
898 1960 1122 2022 commendasse
1133 1958 1192 2023 hoc
1203 1962 1295 2024 modo

315 2072 441 2156 probare
466 2073 585 2137 studet:
610 2077 738 2137 nneutcr
761 2072 896 2137 moribus
920 2074 1069 2159 egregius,
1092 2074 1168 2137 alter
1184 2073 1292 2137 habitu
1354 2121 1357 2126 ,

317 2208 456 2270 equoque
480 2186 614 2271 corporis
639 2190 831 2271 contemptus
856 2184 932 2250 cet.”
979 2187 1085 2251 Finem
1111 2188 1219 2252 deinde
1244 2189 1292 2252 di-

113 2277 298 2324 Ακ*
315 2300 404 2364 cendi
434 2301 509 2364 facit
529 2300 578 2363 his
598 2301 710 2365 uerbis:
736 2300 818 2363 nHis
837 2300 934 2386 igitur
949 2306 980 2365 et
999 2301 1165 2366 honoribus
1188 2308 1220 2366 et
1244 2325 1294 2367 or-

315 2414 486 2478 unamentis
510 2418 540 2477 et
559 2414 759 2479 facultatibus
775 2415 902 2477 refertas
915 2414 1019 2478 domos
1031 2436 1133 2479 eorum
1146 2416 1293 2495 videmus,

315 2529 388 2612 uqui
424 2552 456 2593 se
491 2529 529 2594 ab
564 2530 690 2593 ineunte
718 2529 921 2593 adolescentia
949 2530 1048 2593 causis
1067 2530 1237 2595 forensibus
1261 2536 1292 2595 ct

315 2645 469 2708 moratorie
492 2644 596 2708 studio
616 2644 791 2708 dederunt.''
815 2644 866 2707 Ad
885 2666 961 2727 quae
980 2646 1067 2707 Arm
1091 2645 1180 2709 rerba
1203 2650 1293 2730 poeta

313 2758 515 2827 (lunlnn'ms
546 2760 758 2837 Mercurius
785 2761 838 2843 qui
858 2760 949 2846 longe
969 2760 1119 2826 diversum
1139 2762 1292 2846 judicium

312 2874 372 2938 lert
407 2875 444 2938 de
474 2875 589 2941 Vraro
614 2877 749 2943 Onrsro
782 2875 1203 2954 centimanumque
1227 2899 1293 2963 cap.

312 2987 405 3067 XIV,
426 2989 502 3053 haec
524 2991 699 3076 respondet:
724 2990 827 3052 atillam
848 2989 1001 3057 CRISPUS
1013 2995 1044 3053 et
1056 2991 1294 3072 Manentibus

316 3103 376 3167 uad
411 3126 542 3187 quorum
574 3105 710 3190 exempla
738 3125 786 3167 me
821 3125 921 3180 vocas,
951 3105 1025 3186 quid
1049 3104 1161 3167 babent
1181 3106 1214 3166 in
1234 3106 1294 3170 hae

315 3221 486 3305 upraesenti
506 3221 629 3282 fortuna
654 3217 953 3302 concupiscendum?
981 3219 1051 3300 [an]
1066 3217 1293 3299 quodtirnent?

314 3355 374 3396 ran
402 3333 483 3414 quod
512 3330 680 3394 timentur?
714 3332 804 3412 quod,
828 3352 921 3412 quum
944 3329 1081 3412 quotidie
1105 3330 1221 3414 aliquid
1242 3355 1293 3397 rc-

313 3449 452 3532 ugentun
474 3443 637 3527 hi‚quibus
656 3447 822 3529 praestant,
843 3443 1060 3530 indignantur?
1074 3447 1155 3530 quod
1164 3448 1293 3530 ullipute’

311 3580 377 3622 cum
393 3556 574 3622 adulatione
595 3582 649 3623 mec
667 3559 888 3644 imperantibus
902 3582 1035 3644 umquem
1054 3561 1134 3624 sutis
1152 3563 1291 3626 emutui-

311 3673 449 3749 ameum,
466 3695 520 3736 uec
542 3673 625 3738 motis
648 3675 730 3739 ratu
750 3672 859 3737 liberi?
878 3675 963 3742 Quae
975 3677 1051 3738 lium
1063 3696 1287 3738 eummueorum

346 3869 388 3936 (ll
409 3869 512 3918 Cursrnn
530 3866 643 3917 Vercellis
668 3874 749 3918 netum
780 3883 831 3917 esse
848 3870 873 3917 in
899 3867 998 3916 Scholiis
1015 3881 1107 3930 quoquc
1125 3867 1223 3918 indicari
1241 3877 1291 3920 sta-

309 3966 378 4009 tuunt
395 3959 500 4009 nonnulli
517 3959 662 4020 interpretes,
677 3959 717 4022 qui
734 3973 775 4020 pro
805 3959 896 4020 Crispus
913 3957 1027 4018 municeps
1055 3956 1193 4006 Viselliensis
1210 3960 1291 4019 legunt

312 4048 473 4104 Vercelleusis;
498 4061 640 4113 quamquam
667 4047 898 4098 animadvertendum
924 4054 960 4096 est
988 4047 1080 4096 Scholia
1106 4049 1168 4096 hum
1187 4046 1291 4098 Cnrsrurr

309 4151 362 4186 cum
376 4138 420 4186 alio
439 4137 580 4187 confudisse.

345 4224 385 4290 (2)
407 4225 518 4284 Cursruu,
533 4227 563 4277 de
580 4242 626 4291 quc
644 4234 716 4288 agunt
734 4227 839 4286 Scholia,
856 4227 952 4277 divitem
971 4241 1063 4290 quoqne
1080 4227 1149 4276 luisse
1167 4226 1291 4275 conficitur

309 4316 347 4364 bis
372 4315 448 4363 verbis
473 4314 628 4364 scholiastae:
654 4312 770 4364 »Possedit
795 4317 831 4365 bis
858 4316 941 4364 millies
963 4316 1121 4366 sestertium.”
1147 4315 1289 4365 Vocabulum

307 4412 386 4454 autem
402 4405 499 4454 ulterius
514 4403 544 4453 ed
573 4404 675 4466 Crispum
698 4405 783 4462 relero;
800 4406 831 4454 cl.
853 4419 912 4469 quae
938 4404 997 4455 dicit
1013 4406 1113 4462 menen,
1129 4406 1208 4468 operis
1223 4404 1289 4454 laud.

306 4509 359 4556 pag.
377 4492 428 4544 351
445 4509 498 4558 sqq.
515 4492 544 4543 de
563 4507 605 4542 usu
624 4492 728 4543 vocabuli
747 4495 856 4543 ulterius.
