3200 5525
779 715 820 777 5⁷

308 898 353 962 ita
379 902 414 962 ut
441 918 544 963 eorum
573 895 709 960 conditio
738 895 848 959 misera
881 895 1004 980 quidem
1040 897 1119 957 esset
1138 892 1283 966 vocanda,

310 1011 391 1097 quod
423 1010 460 1076 de
495 1008 701 1097 grammaticis
722 1009 848 1094 exponit
883 1031 928 1074 vs.
960 1010 1026 1072 ala
1059 1028 1142 1091 sqq.‚
1163 1005 1216 1069 ubi
1245 1005 1282 1068 de

308 1126 517 1191 Parmenone
535 1126 608 1213 agit.
654 1123 754 1196 Quam
779 1124 865 1210 parvi
881 1127 982 1188 autem
1006 1145 1057 1187 eos
1072 1122 1164 1186 faciat
1187 1118 1282 1184 confi·

310 1239 391 1303 citur
414 1262 430 1304 e
453 1262 497 1305 vs.
521 1242 586 1304 197
611 1260 655 1323 sq.
677 1238 730 1302 ubi
750 1236 925 1303 rhetoribus
949 1235 1091 1301 eonsules
1110 1234 1159 1299 his
1183 1232 1282 1324 verbis

309 1352 450 1439 opponit:

389 1531 423 1593 Si
442 1531 577 1592 Fortuna
596 1532 685 1609 volet,
706 1530 760 1591 fies
781 1528 820 1590 de
840 1528 958 1590 rhetore
979 1530 1091 1608 consul,

295 1628 298 1631 ’
389 1635 415 1695 si
436 1635 516 1695 volet
536 1635 612 1695 haec
633 1635 746 1712 eadem,
766 1632 821 1695 fies
841 1633 879 1693 <le
900 1634 1020 1695 consule
1041 1632 1149 1693 rhetor.

355 1803 492 1868 Eandem
514 1802 576 1868 fere
599 1803 780 1867 sententiam
803 1802 866 1867 Sat.
889 1803 1007 1878 III‚vs.
1033 1805 1075 1865 39
1101 1824 1144 1885 sq.
1155 1800 1204 1865 his
1216 1799 1304 1865 ver?

310 1917 358 1983 bis
373 1917 531 2005 exprimit:
591 2003 595 2011 Ι

391 2100 503 2175 Quales
524 2119 563 2163 ex
582 2100 688 2179 humili
708 2119 817 2177 magna
836 2101 876 2162 ad
895 2101 1019 2178 fastigia
1037 2118 1135 2163 rerum

390 2206 516 2285 extollit,
537 2207 653 2283 quoties
673 2206 767 2267 voluit
788 2206 921 2267 Fortuna
935 2205 1041 2283 jocari.

304 2445 306 2449 ,
357 2374 427 2439 Jam
452 2374 489 2439 de
512 2374 643 2463 singulis
667 2375 765 2441 acturi
788 2375 943 2439 ordiamur
966 2398 984 2439 a
1009 2374 1145 2447 Qururo
1168 2374 1285 2443 Ruun-

311 2507 373 2554 u10
388 2489 606 2568 Parmenone,
629 2490 681 2573 qui
705 2490 765 2553 fuit
787 2489 919 2553 illustris
942 2489 995 2553 sed
1018 2511 1162 2576 arrogans
1183 2512 1283 2578 gram-

311 2604 441 2668 maticus
453 2604 560 2668 aetatis
572 2604 796 2689 imperatoriae,
807 2604 860 2688 qni
872 2602 1100 2675 murenarum
1121 2608 1152 2667 et
1166 2603 1284 2669 Pnnsrr

311 2723 487 2804 praeceptor
509 2717 603 2782 fuisse
624 2717 745 2782 dicitur.
767 2718 808 2782 In
828 2718 907 2783 libro
930 2717 968 2782 de
984 2717 1163 2783 Illustribus
1175 2718 1284 2783 Gram-

311 2833 432 2897 maticis
456 2832 555 2896 brevis
578 2833 642 2916 ejus
655 2832 718 2896 vita
729 2833 844 2896 inserta
859 2839 905 2896 est
917 2855 981 2919 cap.
993 2834 1122 2913 ΧΧΙΠ,
1144 2835 1182 2899 ad
1195 2856 1285 2919 quem

311 2946 412 3012 locum
437 2946 712 3023 Ounuxnonums,
745 2947 779 3010 in
803 2969 857 3011 sua
880 2948 1044 3011 Sounoua
1067 2948 1209 3026 editione,
1232 2949 1285 3013 ad-

310 3065 398 3126 notat
409 3060 630 3126 Pennuuonrs
641 3083 752 3124 nomeu
763 3061 825 3147 legi
837 3061 870 3124 in
883 3061 1081 3147 inscriptione
1101 3064 1181 3148 apud
1194 3063 1286 3127 Greu-

311 3195 425 3240 'rnnuu
449 3175 593 3240 DCLIII
615 3187 659 3240 n0.
677 3179 706 3252 1,
729 3197 820 3260 quam
840 3177 973 3262 spuriam
985 3199 1050 3241 esse
1056 3177 1185 3262 judicat,
1208 3200 1285 3262 quae

310 3295 411 3354 tamen
433 3291 525 3355 etiam
537 3291 679 3354 laudatur
702 3289 740 3355 ab
753 3290 973 3357 Hammeum.
997 3293 1165 3378 Inscriptio
1185 3298 1285 3357 autem

310 3403 364 3468 illa
398 3409 444 3468 est
479 3404 513 3469 in
541 3405 659 3468 tumulo
691 3405 820 3491 lapideo,
853 3429 942 3491 quem
962 3407 1150 3472 Parnasson
1173 3409 1231 3472 sihi
1255 3412 1286 3472 et

311 3516 521 3581 contubernali
557 3517 685 3582 feminae
721 3518 943 3583 Tuuunourau
980 3523 1127 3586 struxisse
1160 3523 1283 3590 dicitur.

310 3633 338 3698 E
370 3633 517 3698 vocabulo
545 3633 753 3696 contubernali
788 3639 913 3718 apparet
944 3656 1014 3698 eum
1044 3636 1138 3700 fuisse
1158 3660 1288 3715 servum,

311 3753 364 3814 aut
388 3750 494 3814 saltem
517 3745 705 3824 libertinum,
728 3747 810 3830 quod
835 3747 927 3811 etiam
950 3747 983 3810 in
996 3749 1286 3816 vitalaudataaffir-

311 3869 421 3942 matur,
444 3863 497 3928 ubi
529 3861 658 3925 dicitur:
696 3861 910 3941 nVicentinus,
933 3863 1068 3928 mulieris
1087 3865 1211 3944 verua,”
1236 3868 1285 3932 cui

311 3977 454 4042 nonnulli
489 3976 669 4062 interpretes
701 3999 812 4041 nomen
835 3978 977 4042 tribuunt
1000 3981 1140 4059 Lucrum,
1162 3982 1286 4048 initium

311 4089 530 4176 inscriptionis,
553 4089 606 4154 ubi
627 4090 757 4176 legimus
775 4091 1075 4158 PALAEMoNgu.
1088 4096 1116 4160 L
1129 4093 1190 4184 (L.)
1201 4097 1241 4161 D.
1252 4097 1287 4175 F,

313 4205 358 4269 sic
377 4205 627 4290 interpretantes:
652 4205 822 4271 Palaemon
855 4209 983 4273 libertas
1005 4211 1123 4276 Maiae
1144 4208 1305 4298 (Danae)

311 4319 482 4405 deficnatae.
505 4317 704 4404 Paedagogus
727 4341 821 4405 quum
845 4327 925 4387 esset
947 4322 1052 4390 herilis
1072 4327 1137 4405 filii,
1149 4327 1286 4392 discendi

311 4436 467 4502 studiosus
486 4439 602 4501 tantam
626 4435 782 4503 literarum
808 4439 949 4506 notitiam
975 4442 1204 4527 doctrinamque
1228 4443 1287 4508 sibi
