3200 5525
793 744 837 803 14

322 926 454 1007 apparet,
488 926 519 986 et
542 923 574 985 iu
596 922 721 986 scholiis
741 922 912 988 adnotatur.
960 923 1060 988 Priori
1083 925 1152 989 loco
1174 927 1295 993 nobiles

321 1056 338 1098 a
369 1040 461 1121 poeta
481 1037 653 1123 culpantur,
676 1037 758 1125 quod
777 1038 886 1103 mimos
906 1060 993 1125 agere
1013 1061 1064 1103 eos
1088 1062 1151 1104 non
1174 1042 1296 1128 pudeat,

319 1156 350 1213 et
369 1151 510 1237 populus,

400 1334 452 1410 qni
473 1334 558 1395 sedet
575 1340 607 1397 et
623 1339 740 1413 spectat
760 1335 912 1396 triscurria
928 1336 1130 1413 patriciorum.

317 1502 368 1567 Ad
399 1526 489 1592 quarn
513 1510 614 1571 autem
639 1511 766 1571 aetatem
791 1505 866 1572 haec
885 1506 1066 1593 pertineant,
1086 1506 1249 1573 conficitur
1272 1530 1289 1571 e

317 1638 360 1681 vs.
387 1620 453 1683 1³8
470 1640 513 1706 sq.

398 1800 459 1860 Res
479 1799 553 1862 haut
573 1801 649 1861 mira
666 1807 766 1863 tamen
783 1802 954 1865 citharoedo
974 1803 1107 1882 principe
1127 1803 1233 1864 mimus

396 1902 514 1964 nobilis.

362 2076 469 2142 Altero
493 2077 561 2142 loco
581 2076 727 2156 homines,
749 2080 804 2168 qui
824 2078 944 2143 scelesti
965 2100 1060 2166 quum
1073 2078 1137 2143 sint
1147 2080 1291 2145 honestos

315 2212 348 2256 se
368 2212 433 2255 esse
446 2190 601 2269 simulant,
620 2192 746 2257 mimum
770 2215 859 2281 agere
884 2192 1038 2258 dicuutur.

361 2304 410 2369 De
435 2298 554 2371 duobus
577 2304 678 2370 mimis
697 2307 868 2373 Phasmate
889 2311 921 2372 et
940 2308 1095 2373 Laureolo
1117 2306 1207 2372 multi
1231 2307 1293 2373 Ju-

315 2437 473 2487 vaurms
480 2420 661 2507 interpretes
673 2426 812 2509 egermt.
830 2422 1053 2489 Ganncsuus
1066 2422 1144 2487 dicit
1154 2423 1292 2488 Phasma

314 2556 379 2599 esse
402 2534 568 2603 ossuum
591 2536 727 2615 mimum,
749 2559 787 2601 ex
810 2537 982 2603 imitatione
1018 2536 1217 2604 Murmur
1242 2538 1290 2622 (1)

314 2650 526 2736 compositum,
545 2650 690 2739 additque
710 2656 924 2739 argumentum
944 2651 993 2717 his
1016 2651 1129 2717 verbis:
1154 2651 1291 2716 cadoles·

315 2786 408 2832 ascens
438 2766 643 2846 introductus,
673 2768 727 2857 qui
750 2773 876 2856 aspectu
895 2769 1018 2857 pulcrae
1042 2767 1171 2854 virginis
1195 2766 1291 2832 veluti

314 2881 470 2946 nnuminis
510 2882 580 2947 visu
615 2883 776 2970 perculsus
812 2882 998 2950 exhorruit”
1053 2882 1292 2950 Daussmrus

313 3001 414 3063 sutem
431 2997 632 3064 adolescentis
644 3004 745 3086 partes
762 3001 861 3087 egisse
872 2999 948 3064 mihi
960 2997 1091 3073 videtur,
1102 2996 1155 3082 qui
1166 2995 1291 3083 phasma

312 3133 407 3200 quum
438 3113 566 3180 vidisset
598 3115 756 3200 perculsus
781 3114 942 3178 clamorem
966 3111 1078 3186 ederet,
1101 3109 1183 3172 unde
1199 3114 1291 3194 poeta

312 3226 404 3290 addat
431 3226 511 3290 illud
527 3228 689 3290 clamorum
708 3227 766 3309 (2).
814 3225 970 3289 Prrrrus
1001 3244 1072 3287 vero
1106 3220 1226 3285 dubitat
1250 3243 1289 3285 an

312 3340 450 3404 Phasma
473 3339 637 3405 Osruuur
658 3338 769 3402 mimus
786 3337 837 3415 sit,
856 3337 939 3426 quod
958 3358 1047 3401 nemo
1059 3339 1194 3401 veterum
1206 3333 1290 3400 hunc

312 3454 340 3518 ei
364 3452 480 3518 tribuet
500 3451 561 3516 nisi
585 3450 635 3515 hi.
659 3451 877 3531 JuquAL183
901 3452 1010 3518 scribit
1028 3451 1126 3539 igitur
1148 3473 1202 3538 per
1221 3450 1290 3516 lite-

311 3590 375 3633 ram
401 3566 603 3632 minusculam
622 3570 754 3653 pherme
780 3570 910 3636 aarum.
959 3567 1041 3633 Mihi
1061 3566 1290 3632 tamenidcirco

313 3683 450 3748 Phasma
485 3704 595 3747 nomen
620 3682 705 3748 mimi
729 3706 793 3749 esse
817 3684 948 3762 videtur,
971 3683 1043 3771 quia
1066 3705 1170 3766 acmes
1189 3681 1289 3766 objec-

309 3793 390 3863 tum'
414 3797 544 3885 requirit
568 3796 652 3862 mimi
673 3798 721 3865 vel
741 3798 869 3877 fabulae,
893 3803 929 3864 ut
953 3820 1024 3865 mox
1043 3795 1182 3884 sequitur
1203 3795 1290 3862 baa·

254 3949 259 3958 ·
308 3913 423 3979 reolum
448 3914 540 3978 ctiam
564 3914 636 3979 bene
655 3915 724 3999 ecit.

342 4131 383 4198 (1)
405 4131 455 4182 viu.
482 4131 511 4181 dc
540 4131 660 4180 Miserum
686 4130 806 4182 comoedia
835 4132 906 4195 hujus
924 4131 1026 4181 nominis
1042 4130 1103 4195 apud
1121 4131 1253 4180 Trarmmr
1267 4133 1292 4178 ἐκ

306 4226 402 4287 Prolem
421 4223 528 4278 dccccii
545 4238 578 4273 vs.
594 4221 620 4274 9.

341 4313 385 4384 (2)
404 4313 455 4364 Vid.
472 4313 500 4364 C.
518 4313 542 4363 J.
560 4312 649 4363 Grrsrn
669 4313 714 4363 Der
734 4311 851 4363 dimicet&
866 4312 950 4362 limus
969 4327 1021 4377 pag.
1037 4310 1080 4370 21,
1096 4313 1137 4375 qui
1145 4307 1292 4372 refutatopi·

305 4407 407 4458 uioncm
442 4404 583 4454 Scholiasta
608 4402 707 4454 dicertis
735 4400 903 4468 Damasippum
926 4405 1047 4469 praeconis
1063 4415 1157 4454 munere
1175 4402 1199 4449 in
1219 4398 1292 4447 mimo

316 4498 423 4547 functum
441 4511 501 4546 csse.
