3200 5525
753 693 792 753 11

289 880 393 942 natum
406 896 470 941 esse
483 874 522 939 ob
535 874 669 938 carmina
680 874 714 938 in
732 872 877 937 honorem
889 872 1091 950 Donruraru,
1102 874 1152 938 cui
1172 875 1267 963 impe·

288 990 383 1055 ratori
406 988 599 1077 gratissimus
622 987 723 1064 fuerit,
755 1011 773 1051 a
805 1009 865 1072 quo
891 987 1009 1051 scilicet
1033 989 1163 1067 coronis,
1186 1012 1268 1069 auro,

290 1104 371 1192 agris
391 1104 433 1168 sit
457 1104 597 1168 donatus.
644 1101 731 1173 Quae
755 1123 849 1186 quum
872 1124 977 1187 parum
995 1102 1179 1168 conveniant
1198 1125 1268 1167 cum

289 1222 363 1282 nota
381 1218 446 1303 ejus
466 1222 653 1303 paupertate,
676 1217 712 1281 de
737 1238 796 1301 qua
812 1216 948 1300 loquitur
971 1215 1171 1295 durannus,
1194 1238 1269 1282 con·

284 1330 379 1417 jiocre
402 1332 475 1397 licet
499 1353 567 1395 eum
597 1330 703 1417 primis
739 1330 861 1416 quidem
886 1330 1074 1416 temporibus
1099 1331 1133 1394 in
1153 1354 1270 1396 summa

290 1448 466 1530 paupertate
489 1444 614 1523 vixisse3
639 1466 732 1529 quum
755 1466 827 1509 vero
838 1443 983 1509 Pnarnrs
993 1446 1123 1530 gratiam
1143 1444 1271 1523 iniisset,

291 1562 429 1643 quicum
451 1559 648 1625 Doulrrnno
673 1559 937 1636 commendaverit,
960 1560 1084 1624 meliore
1104 1560 1184 1625 vitae
1197 1582 1270 1625 con·

291 1673 408 1739 ditione
431 1696 497 1739 esse
522 1672 665 1758 coepisse.

337 1788 387 1853 De
407 1787 516 1853 ceteris
536 1810 554 1851 a
574 1786 755 1852 Juvenann
777 1788 952 1851 memoratis
972 1787 1070 1873 poetis
1094 1789 1155 1853 duo
1178 1788 1271 1853 etiam

293 1924 364 1988 prae
384 1902 453 1967 aliis
474 1902 627 1965 mentione
645 1900 732 1986 digni
756 1906 837 1978 sunt,
861 1901 1091 1986 dequibusjam
1108 1902 1272 1967 videamus.

339 2134 485 2198 Seuerus
522 2132 649 2198 Bassus
680 2152 792 2217 pauper
822 2136 924 2216 poeta,
956 2152 1046 2216 quem
1076 2131 1272 2199 durannus

293 2248 358 2313 Sat.
383 2247 451 2312 VH
474 2270 517 2311 vs.
544 2250 585 2311 80
611 2254 733 2311 tenuem
754 2249 842 2310 vocat
865 2250 896 2309 et
920 2267 989 2310 cum
1013 2247 1273 2312 Sannuuolocu-

295 2362 369 2449 pleti
394 2363 546 2429 Lucano
571 2361 706 2448 opponit.
753 2361 803 2425 De
822 2360 881 2425 hoc
893 2362 1069 2446 ceteroquin
1081 2384 1188 2448 parum
1200 2383 1272 2450 cog·

297 2480 363 2544 nito
387 2484 476 2565 potita
499 2477 585 2565 epioo
608 2479 655 2564 (l)
680 2478 826 2562 quaedam
846 2476 942 2541 tradit
961 2483 1069 2542 auctor
1088 2479 1218 2561 Dialopi
1237 2479 1274 2542 dc

299 2595 476 2660 Oratoribus
496 2615 560 2679 cap.
583 2592 615 2655 V
638 2597 670 2657 et
693 2592 743 2657 IX
768 2615 811 2677 sq.
849 2592 899 2657 ubi
924 2593 1055 2659 Junrus
1078 2592 1274 2667 strennuus,

294 2708 341 2773 vir
365 2708 459 2772 mirae
488 2706 648 2772 facundiae
684 2710 715 2770 et
743 2706 787 2770 M.
810 2708 911 2772 Anna
935 2706 973 2770 ad
997 2711 1117 2792 poetam
1140 2706 1275 2774 Ouala-

297 2839 389 2888 rluu
413 2821 626 2886 Murranum
649 2819 777 2884 veniunt
796 2824 828 2883 et
852 2842 922 2884 cum
944 2842 980 2884 eo
1012 2821 1197 2905 colloquium
1220 2820 1275 2886 ha·

295 2936 378 3015 bent,
409 2937 443 3000 in
478 2956 539 3020 quo
569 2933 605 2998 de
640 2933 758 3000 Basso
793 2933 855 2997 tale
881 2933 1034 3019 judicium
1061 2935 1121 2997 fert
1144 2934 1274 3003 Junlus

295 3049 482 3116 Sucuunus
506 3070 571 3134 cap.
591 3047 641 3114 V:
679 3047 779 3120 'suuis
799 3047 880 3112 enim
905 3049 1013 3127 nescit,
1035 3048 1186 3114 neminem
1199 3049 1275 3116 mihi

298 3163 560 3249 noonjunctiorem
583 3185 648 3228 esse
663 3165 695 3228 et
718 3183 776 3226 usu
792 3161 943 3226 amicitiae
954 3167 986 3226 et
1005 3162 1190 3228 adsiduitate
1203 3186 1275 3229 eon-

298 3277 452 3343 atubernii
477 3299 568 3362 quam
588 3277 754 3343 cremon
777 3277 934 3355 Bassum,
956 3298 1026 3342 cum
1055 3278 1205 3365 optimum
1229 3279 1276 3344 vi·

298 3414 395 3472 aarum,
417 3398 484 3458 tum
511 3392 771 3457 absolutissimum
800 3395 950 3479 poetam?
985 3415 1076 3480 porro
1104 3394 1130 3459 si
1154 3395 1276 3481 poetica

298 3513 489 3585 naocusatun
509 3529 573 3571 non
590 3507 683 3572 alium
701 3507 789 3572 video
810 3529 895 3572 reum
912 3507 1172 3595 locupletiorem.”

343 3621 388 3687 Μ.
416 3624 518 3688 Anus
547 3644 611 3708 cap.
647 3621 698 3687 IX
733 3621 868 3687 carmina
887 3621 1008 3687 laudem
1030 3623 1152 3688 inanem
1172 3628 1203 3688 et
1226 3625 1276 3689 in·

295 3736 483 3802 fructuosam
503 3738 604 3824 poetis
616 3738 757 3824 praebere
777 3737 862 3815 dicit,
881 3736 963 3821 quod
978 3736 1150 3802 exSstuu
1169 3737 1277 3805 BASSI

298 3851 474 3916 conditione
499 3852 625 3938 probare
648 3854 760 3918 studet.
806 3853 973 3942 Egregium
984 3854 1065 3918 enim
1078 3858 1200 3941 poetam
1211 3877 1277 3921 esse

297 3970 329 4031 et
351 3965 476 4052 pulcros
488 3967 703 4053 jucundosque
727 3990 833 4033 versus
853 3991 922 4034 eum
935 3991 1114 4055 componere
1126 3970 1277 4050 concedit

300 4081 353 4146 sed
384 4082 608 4169 pauperrimum
641 4107 706 4150 esse
736 4083 880 4164 ostendit,
914 4106 971 4151 nec
1001 4107 1182 4174 quemquam
1206 4109 1277 4152 eum

310 4248 496 4262 m

296 4314 480 4380 Quinquatribus
508 4314 637 4369 Minervam
662 4311 692 4361 de
715 4321 812 4378 utroque
836 4315 963 4362 certamine
997 4312 1029 4364 ct.
1055 4312 1156 4364 Sacros.
1181 4315 1207 4363 ia
1231 4317 1278 4363 otta

297 4404 493 4469 dom-cap.1V.

332 4493 371 4561 (1)
392 4494 445 4546 vid.
465 4495 591 4545 Wrrcnuar
610 4494 637 4543 dc
653 4493 718 4544 Lucii
737 4493 799 4542 Varii
816 4495 864 4542 aito
889 4499 911 4542 ct
932 4493 1076 4544 Gurmmitar
1093 4494 1117 4542 in
1135 4492 1232 4543 Excurs.
1249 4493 1278 4551 ΙΙ.

296 4599 349 4648 pag.
369 4581 428 4635 ut.
