3200 5525
781 718 847 781 166

328 907 377 967 tes
410 901 466 966 tali
501 902 592 966 modo
622 900 798 965 ludificatus
830 906 885 965 est.
932 904 1091 966 Aueusro
1115 921 1219 963 omnes
1235 920 1309 963 suas

329 1017 453 1084 divitias
479 1017 512 1080 in
548 1015 673 1080 aedibus
709 1015 773 1079 suis
805 1015 986 1080 monstravit
1017 1015 1155 1097 dixitque
1176 1036 1207 1078 se
1230 1013 1307 1078 haee

327 1132 429 1196 omnia
440 1153 504 1196 non
516 1130 573 1195 sibi
587 1130 755 1217 collegisse,
768 1130 821 1193 sed
834 1129 957 1193 domino
969 1151 1024 1192 suo
1043 1131 1214 1193 Auensro.
1239 1126 1304 1199 Qui

327 1268 420 1332 quum
441 1246 554 1309 donum
566 1245 645 1310 iilud
661 1244 742 1308 haud
755 1245 959 1331 spernendum
975 1244 1149 1329 accepisset,
1160 1243 1307 1306 Lrerrrus

325 1361 488 1427 incolumis
520 1360 656 1447 periculo
681 1360 786 1425 evasit.
834 1359 882 1424 De
902 1360 1017 1423 Lrorur
1041 1358 1305 1422 administratione

327 1474 500 1541 Galliarum
524 1476 661 1559 loquitur
680 1496 801 1559 quoque
825 1476 955 1539 Sennea
979 1477 1014 1539 in
1033 1474 1307 1560 Apoeolooynthoai

327 1591 471 1669 Claudia}
494 1612 562 1677 pag.
589 1594 653 1654 821
680 1591 724 1654 A:
751 1590 866 1654 ttHune
879 1613 936 1677 ego
958 1590 1016 1654 tibi
1028 1588 1142 1673 recipio
1154 1587 1304 1673 Lugduni

325 1708 460 1782 anatum,
482 1704 535 1769 ubi
558 1705 745 1792 L101u(1)us
767 1706 881 1770 multos
905 1729 1000 1770 anuos
1028 1705 1194 1793 regnavit.”
1216 1702 1304 1766 Eun·

325 1817 392 1882 dem
424 1818 621 1903 praedivitem
655 1824 743 1884 voeat
775 1820 809 1883 in
843 1818 992 1905 Epistolis
1015 1818 1125 1882 CXIX
1146 1823 1177 1881 et
1200 1816 1306 1893 CXX,

323 1934 376 1999 ubi
401 1957 470 1999 oum
494 1935 623 2000 Onasso
655 1936 721 2021 ejus
743 1958 855 2000 nomen
875 1936 1080 2022 conjungitur.
1126 1934 1302 1998 InL1rs1r

322 2049 455 2115 editione
479 2050 517 2113 ad
541 2050 570 2113 h.
595 2050 614 2113 l.
638 2051 671 2113 in
694 2050 891 2115 adnotatione
903 2056 950 2114 est
975 2050 1162 2137 epitaphium
1173 2050 1302 2123 Iucrru,

323 2164 405 2247 quod
428 2164 509 2249 apud
529 2164 700 2228 Srnonruu
728 2165 789 2251 legi
819 2165 932 2229 dieitur
955 2188 1000 2251 ep.
1024 2165 1091 2229 VII
1111 2165 1195 2229 Libr.
1219 2162 1263 2225 V:

384 2279 567 2372 'Marmoreo
588 2314 701 2372 tumulo
729 2311 853 2374 Licinus
869 2315 961 2391 jacet,
982 2319 1013 2374 et
1033 2313 1107 2374 Cato
1127 2314 1217 2391 nullo,

461 2412 622 2491 Pompejus
653 2433 761 2492 parvo:
795 2416 941 2476 eredimus
969 2435 1035 2477 esse
1057 2417 1155 2477 deos?

367 2553 454 2617 Idem
478 2554 602 2617 affertur
627 2576 644 2615 a
665 2553 853 2619 Guruenno
877 2556 912 2618 in
935 2556 1017 2620 notis
1040 2556 1079 2619 ad
1096 2557 1220 2635 satirae,
1243 2561 1299 2643 qui

321 2690 338 2731 e
361 2666 539 2755 fragmentis
559 2666 725 2731 Puraonrr
744 2670 893 2733 Annrrar
905 2668 954 2733 his
966 2671 1102 2735 versibus
1114 2672 1190 2736 duos
1202 2671 1299 2738 addit:

401 2820 482 2882 Saxa
501 2826 640 2898 premunt
657 2821 805 2902 Licinum,
826 2825 908 2884 levat
928 2825 1022 2884 altum
1043 2825 1123 2884 fama
1143 2825 1298 2904 Catonem,

501 2925 675 3004 Pompejum
696 2926 793 2986 tituli:
815 2927 961 2987 oredimus
978 2945 1044 2988 esse
1066 2928 1147 2988 deos.

367 3066 508 3151 Denique
531 3069 722 3132 Sunuonrus
742 3071 944 3134 conferendus
967 3075 1023 3149 est,
1056 3071 1089 3134 in
1114 3072 1202 3156 cujus
1226 3073 1297 3137 vita

318 3184 452 3265 Aapneti
476 3204 540 3268 eap.
564 3181 693 3246 LXVII
725 3184 870 3247 chruus
895 3189 1077 3249 memoratur
1100 3186 1180 3249 inter
1202 3185 1298 3250 liber·

317 3300 375 3376 tos,
398 3319 473 3381 quos
497 3298 678 3360 Aueusrus
690 3296 723 3360 in
744 3296 858 3364 honore
871 3303 901 3363 et
921 3321 980 3362 usu
997 3300 1127 3364 maximo
1146 3296 1297 3365 habuerit.

364 3502 433 3566 Nee
445 3501 545 3573 minus
557 3502 641 3569 dives
653 3503 883 3598 L1c1uofuisse
898 3506 1020 3572 videtur
1044 3507 1191 3572 Onrunrr
1203 3507 1296 3572 liber-

317 3621 367 3694 tus
388 3615 589 3696 Nanorssus,
613 3617 722 3702 dequo
735 3618 940 3706 legimusSat.
964 3620 1056 3697 XIV,
1078 3643 1121 3684 vs.
1138 3624 1205 3685 328
1230 3643 1296 3706 sqq:

396 3769 461 3829 Nee
480 3768 583 3830 Croesi
604 3769 723 3832 fortuna
744 3789 875 3847 unquam
896 3789 951 3830 nee
970 3771 1093 3831 Persica
1120 3791 1213 3848 regna

396 3871 542 3953 sufficiant
559 3873 658 3933 auimo
679 3892 734 3934 nee
755 3875 881 3935 divitiae
900 3874 1049 3952 Narcissi,

395 3974 520 4034 indulsit
542 3973 654 4036 Caesar
671 3978 718 4038 oui
740 3976 884 4038 Claudius
906 3978 1013 4056 omnia,
1034 3979 1121 4055 eujus

394 4076 494 4154 paruit
514 4077 647 4156 imperiis
667 4097 788 4140 uxorem
811 4079 947 4140 oeoidere
963 4081 1077 4157 jussus.

359 4217 552 4282 NuncIssus
576 4225 677 4284 autem
708 4227 739 4286 et
766 4221 901 4285 Paneas
936 4221 1139 4308 potentissimi
1167 4224 1293 4289 fuerunt

314 4332 461 4406 Cunnum
493 4331 605 4411 liberti,
640 4357 766 4417 quorum
788 4335 948 4401 ambitioni
971 4336 1174 4421 avaritiaeque
1194 4361 1292 4422 quan-

311 4450 415 4535 topere
438 4447 601 4536 imperator
632 4448 804 4530 indulserit,
835 4450 930 4515 tradit
953 4451 1144 4516 Suuuonrus
1164 4453 1199 4516 in
1221 4454 1291 4517 nita
