3200 5525
767 731 832 792 lat

317 905 428 972 uetiam
447 909 619 974 Stoicorum
639 911 813 998 arrogantia
836 915 986 994 sectaque,
1006 901 1083 995 quae
1106 910 1247 976 turbidos
1258 916 1291 977 et

317 1024 528 1109 unegotiorum
554 1030 730 1112 appetentes
753 1026 871 1090 faciat.”
928 1026 998 1091 Nec
1027 1024 1116 1089 facile
1151 1026 1290 1111 profecto

315 1143 473 1203 accusator
495 1140 605 1205 melius
628 1145 842 1228 argumentum
866 1142 971 1205 afferre
990 1144 1140 1225 potuerat,
1161 1139 1290 1204 ntinvi·

315 1274 382 1316 sum
402 1259 636 1341 suspectumque
670 1278 739 1321 enm
767 1255 907 1320 redderet
929 1255 1081 1331 Nnn0n13
1103 1252 1183 1318 nihil
1205 1254 1288 1319 enim

313 1366 546 1452 imperatoribus
579 1370 677 1457 magis
707 1376 773 1435 erat
804 1371 1017 1457 periculosum,
1051 1390 1141 1452 quam
1169 1368 1290 1453 siquis

313 1483 424 1546 veteris
448 1484 632 1569 reipublicae
653 1486 786 1551 moribus
810 1486 1022 1569 institutisque
1041 1483 1177 1548 imbutus
1200 1488 1290 1561 esset,

313 1594 395 1677 quod
411 1596 555 1662 nimirum
579 1599 668 1663 facile
693 1622 782 1684 quem
807 1600 972 1664 adduceret
983 1598 1021 1663 ad
1041 1620 1089 1663 res
1108 1620 1203 1663 novas
1222 1621 1288 1662 mo·

312 1708 428 1775 liendas
452 1711 522 1776 odio
541 1718 749 1798 tyrannorum.
796 1714 917 1787 Quibus
942 1714 1074 1801 cognitis
1090 1713 1287 1778 Rnsnnrnns

311 1822 470 1892 Pnannus
501 1827 654 1894 intellexit
689 1831 796 1895 mortis
823 1830 991 1916 pericnlum
1023 1828 1081 1893 sibi
1120 1827 1288 1905 imminere,

312 1960 492 2025 quamquam
527 1945 670 2029 permulti
704 1945 730 2009 ei
755 1945 897 2009 favebant
920 1943 1139 2029 sperabantque
1162 1942 1226 2006 iore
1249 1948 1287 2005 nt

311 2074 403 2142 arma·
424 2055 457 2119 in
478 2057 649 2121 Nanonnn
669 2060 843 2144 susciperet.
890 2057 975 2129 Quin
1000 2057 1090 2120 etiam
1112 2077 1197 2120 socer
1219 2056 1286 2140 ejus

311 2166 347 2230 L.
370 2170 553 2235 Annrsrrns
578 2172 691 2237 Varus
711 2172 854 2237 nuntium
875 2172 913 2235 ad
934 2194 1002 2236 eum
1023 2170 1107 2234 misit
1119 2170 1206 2254 eique
1217 2192 1286 2256 per-

186 2277 214 2292 ”
312 2283 437 2347 suadere
473 2290 600 2349 conatus
624 2291 680 2364 est,
714 2292 750 2350 ut
774 2288 932 2373 sexaginta
951 2281 1073 2361 milites,
1095 2306 1171 2368 qnos
1186 2284 1285 2347 Nnno

310 2398 345 2461 in
379 2399 484 2463 Asiam
520 2401 644 2465 miserat
679 2403 717 2466 ad
741 2425 809 2467 eum
830 2401 1083 2479 interficiendum,
1105 2399 1286 2487 propelleret

311 2535 347 2579 ac
372 2514 513 2601 deinceps
537 2516 675 2581 Nnnorm
698 2517 812 2582 bellum
835 2518 969 2594 inferret,
991 2538 1084 2599 quum
1107 2515 1284 2602 praesertim

311 2629 415 2715 copiae
433 2630 467 2693 in
487 2631 562 2695 Asia
583 2630 758 2696 Runnnmo
771 2632 868 2719 magis
889 2654 980 2716 quam
991 2630 1129 2693 Nnaonr
1142 2630 1284 2694 faverent.

313 2742 495 2810 Cunctando
514 2750 614 2810 tamen
636 2746 688 2810 ille
715 2750 836 2834 tempus
863 2745 997 2834 perdidit
1016 2744 1112 2808 donec
1135 2768 1153 2809 a
1176 2751 1284 2809 centu·

312 2856 407 2936 rione,
440 2881 512 2944 aper
541 2859 705 2938 medium,’'
737 2864 772 2923 nt
796 2860 873 2924 dicit
897 2861 1053 2935 Tacrrus,
1077 2859 1158 2922 adici
1182 2858 1285 2922 nudus

313 2973 530 3038 erexercitando
554 2973 705 3060 corpori,”
730 2979 868 3060 repertus
880 2979 927 3038 eat
937 2979 968 3038 et
978 2974 1164 3038 interfectus.
1188 2973 1285 3058 Cujus

310 3084 510 3152 dubitationis
534 3110 653 3152 causam
677 3091 764 3152 affert
788 3088 935 3153 'l'norrus
955 3089 1069 3155 Annae.
1095 3087 1179 3150 Libr.
1191 3087 1285 3166 XIV,

311 3222 375 3285 cap.
398 3202 491 3266 LIX:
530 3202 610 3264 used
641 3202 808 3265 Pnaurnn
841 3222 956 3265 canon
980 3221 1107 3277 movere,
1130 3198 1193 3262 sive
1212 3202 1286 3264 nul-

311 3314 391 3377 nlam
411 3336 497 3398 opem
525 3313 703 3398 providebat
727 3313 852 3376 inermis
875 3319 965 3397 atque
989 3313 1084 3390 exsul,
1106 3335 1159 3376 seu
1181 3313 1284 3378 taedio

312 3425 489 3510 eambignae
514 3425 587 3510 spei,
609 3448 648 3489 an
672 3447 772 3490 amore
804 3426 944 3512 conjugis
963 3431 995 3492 et
1018 3426 1191 3503 liberorum,
1214 3426 1284 3509 qui·

312 3537 387 3600 obus
411 3537 635 3622 placabiliorem
659 3539 723 3604 fore
747 3539 920 3626 Principem
944 3541 1067 3605 rebatur
1089 3540 1175 3606 nulla
1199 3539 1283 3603 solli-

312 3651 467 3717 ooitudine
493 3654 654 3720 turbatum.
701 3656 782 3719 Sunt
817 3655 869 3740 qui
894 3655 970 3720 alios
992 3679 1010 3720 a
1034 3677 1138 3720 socero
1156 3653 1282 3717 nuntios

310 3767 449 3832 evenisse
467 3769 575 3846 ierant,
598 3773 740 3852 tanquam
761 3767 840 3832 nihil
863 3773 952 3832 atrox
973 3769 1153 3844 immineret,
1176 3766 1282 3829 docto-

311 3901 437 3964 aresque
461 3883 633 3967 sapientiae,
650 3883 841 3946 Consanum
853 3880 1175 3960 Graeci,Musorr1nu
1187 3878 1281 3943 Tusci

310 3995 458 4078 agenoris,
482 3995 683 4060 constantiam
707 3995 906 4082 opperiendae
930 3995 1036 4059 mortis
1055 4017 1110 4078 pro
1121 3994 1239 4056 incerta
1251 3995 1282 4054 et

313 4108 452 4191 tttrepida
479 4110 542 4175 vita
574 4109 733 4174 suasisse.'’
759 4110 806 4195 (1)
831 4110 997 4194 Postquam
1018 4108 1171 4172 interfecti
1191 4109 1282 4190 caput

305 4281 506 4295 enno-oon·-

344 4389 386 4456 (1)
406 4391 435 4439 Hi
460 4391 547 4439 luerint
569 4390 655 4446 Stoici.
680 4397 751 4442 ulex
771 4395 821 4458 ipso
840 4410 923 4445 eorum
941 4371 1039 4442 consilio
1052 4403 1160 4454 apparere
1174 4387 1265 4436 videtur

306 4479 362 4530 hnic
378 4479 442 4529 onim
460 4484 537 4528 sectae
554 4477 659 4529 deditum
675 4480 747 4532 laissa
764 4481 896 4533 Rorrcnrorr
910 4486 962 4546 jam
977 4494 1044 4543 supra
1058 4477 1170 4527 vidimus.
