3200 5525
773 722 815 781 96

311 904 411 965 ncerte
445 901 557 976 ferunt,
589 898 691 964 Poucr
723 900 906 977 launacum,
930 898 1004 963 clari
1020 899 1102 964 inter
1122 900 1285 989 magistros

311 1014 461 1093 adicendi,
480 1013 683 1078 adsectatores
695 1013 928 1079 similitudinem
948 1014 1060 1079 coloris
1080 1015 1193 1080 studiis
1211 1039 1288 1081 cou-
1331 998 1339 1009 ⁴

309 1131 421 1195 stracti
443 1130 587 1208 imitatos,
610 1133 641 1194 et
664 1130 754 1215 paulo
780 1132 851 1194 ante
871 1128 893 1192 J
896 1149 1003 1194 urruu
1026 1128 1211 1210 Vmbrorum,
1233 1132 1289 1196 ad·

310 1248 474 1309 asertorem
497 1244 587 1307 illum
610 1266 628 1307 a
651 1244 794 1308 Nonous
816 1243 976 1322 libertatis,
999 1244 1172 1330 captatione
1191 1249 1287 1309 testa·

311 1360 425 1422 amenti
437 1359 481 1422 sic
493 1357 726 1423 lenocinatum.''
742 1357 835 1444 Apud
847 1357 1059 1421 Mnurrnrmu
1071 1379 1191 1441 quoque
1203 1359 1288 1424 Libr.

308 1472 369 1551 IX,
403 1494 448 1558 ep.
473 1471 589 1536 XLIII
612 1494 655 1555 sq.
691 1471 830 1535 Vrnonx
862 1472 985 1555 quidam
1018 1476 1212 1551 memoratur,
1234 1473 1288 1559 qui

307 1588 409 1648 tamen
437 1606 500 1648 non
535 1582 614 1647 idern
635 1606 699 1647 esse
716 1584 847 1661 videtur,
870 1607 905 1649 ac
928 1584 950 1648 J
952 1606 1052 1649 curus
1068 1585 1121 1649 ille
1140 1584 1290 1664 Vrnnnx,

310 1698 347 1762 de
371 1721 431 1782 quo
455 1696 507 1762 hio
523 1697 650 1784 agimus
673 1720 742 1763 nam
760 1698 956 1763 Murrrnurs
977 1721 1041 1763 nou
1065 1699 1103 1764 dc
1122 1699 1196 1765 belli
1208 1700 1287 1766 duce

310 1812 384 1900 agit,
406 1812 458 1876 sed
483 1811 519 1876 de
541 1811 631 1875 docto
648 1811 779 1895 quodam
803 1812 869 1876 viro
890 1834 960 1876 suae
981 1811 1098 1877 aetatis.

356 1927 558 1991 Vunermuu
582 1931 682 1991 autem
706 1926 832 1991 Ruruu
845 1925 1006 1991 consulatu
1018 1927 1211 2013 perfunctum
1223 1950 1288 1993 esse

310 2062 380 2105 cum
403 2039 550 2103 Muuuro
569 2038 711 2103 Ruauoo
735 2041 772 2103 A.
792 2039 833 2103 U.
855 2043 919 2102 816
945 2037 986 2127 (p.
1007 2039 1079 2104 Chr.
1100 2042 1175 2127 63),
1193 2040 1290 2128 impe·

310 2157 396 2217 rante
418 2153 572 2227 Nmuonm,
594 2152 689 2215 tradit
714 2152 862 2216 bromus
884 2156 998 2217 Annct
1023 2155 1107 2218 Libr.
1131 2153 1205 2233 XV,
1224 2177 1289 2243 cap.

311 2267 439 2331 XXIII.
486 2264 534 2329 De
554 2263 645 2349 hujus
669 2265 851 2330 Germaniae
867 2267 1065 2352 praefectura,
1088 2272 1179 2353 atque
1198 2292 1290 2356 expe·

311 2380 427 2445 ditione
451 2383 558 2444 contra
580 2378 754 2443 Vruorcnu
779 2385 920 2466 suscepta
943 2382 1085 2446 vidimus.
1109 2382 1206 2469 Cujus
1217 2384 1288 2469 qui-

311 2496 379 2561 dem
397 2500 526 2560 mortem
550 2516 637 2581 aegre
649 2493 756 2559 tulisse
780 2495 919 2582 legimus
943 2519 999 2562 nec
1011 2502 1113 2563 tamen
1130 2498 1235 2563 statim
1247 2500 1289 2564 ad

312 2612 461 2675 Gronau
493 2608 612 2687 defecit,
635 2631 731 2704 neque
755 2610 847 2674 etiam
871 2608 1077 2696 principatum
1098 2611 1135 2677 ab
1155 2612 1291 2678 exercitu

199 2742 203 2748 ·
312 2725 350 2790 ad
373 2748 406 2791 se
430 2724 563 2791 delatum
584 2723 701 2810 accepit
727 2724 783 2810 (1).
830 2724 948 2790 Narrat
968 2724 1048 2791 enim
1068 2725 1290 2794 DroCnssrus

313 2841 515 2905 Vsnormuu
535 2839 694 2917 militibus,
718 2839 875 2904 Caesarem
900 2845 931 2904 et
955 2842 1129 2928 Augustum
1150 2865 1217 2907 eum
1238 2843 1291 2909 dc·

314 2952 510 3031 clarentibus,
531 2952 655 3018 tandem
678 2954 871 3040 persuasisse,
893 2957 929 3017 ut
948 2955 1159 3020 auctoritatem
1172 2959 1291 3024 senatui

316 3071 488 3160 populoque
522 3069 727 3136 restituerent.
776 3069 845 3133 Nec
869 3072 982 3132 metum
1006 3071 1108 3132 tamen
1131 3070 1180 3133 vel
1203 3071 1293 3158 igna-

315 3187 396 3253 viam
419 3185 509 3271 hujus
532 3183 576 3247 rei
602 3204 722 3246 causam
747 3182 841 3245 fuisse
865 3175 974 3244 confici
999 3184 1100 3266 potest
1123 3182 1293 3253 exDrour

317 3300 452 3370 Onssro,
474 3297 556 3382 apud
576 3317 664 3379 quem
684 3294 980 3380 laudaturtanquam
1007 3307 1293 3391 ῃδρασιήριοςάνῆρ,

317 3426 385 3497 ,nat
410 3423 498 3491 ἰσχύν
518 3421 643 3498 μεγάλην
664 3422 713 3474 καὶ
735 3419 884 3496 πρόθυμον
899 3413 1009 3490 εἶχεν.”
1057 3407 1161 3481 Quum
1190 3417 1293 3480 autem

315 3523 398 3589 brevi
433 3523 503 3610 post
533 3520 665 3600 Graan,
700 3519 844 3585 Nuronu
876 3525 1006 3601 mortuo,
1028 3523 1193 3612 imperator
1213 3533 1294 3593 esset

315 3640 424 3718 factus,
447 3637 581 3725 legiones
605 3635 803 3701 Germanicae
823 3635 950 3701 infestae
974 3636 1001 3703 ei
1022 3643 1109 3704 erant
1128 3644 1293 3729 etpropter

318 3754 438 3820 caedem
458 3751 600 3819 Fonrrrr
616 3750 799 3816 Curmours
819 3754 850 3814 et
869 3750 951 3835 quod
971 3752 1091 3818 nullum
1108 3777 1126 3818 a
1144 3776 1224 3820 novo
1235 3755 1294 3822 im-

316 3874 453 3956 peratore
477 3867 635 3932 donarium
660 3865 847 3952 accepissent
866 3865 924 3951 (2),
947 3867 1089 3951 quodque
1101 3867 1294 3936 Vuncrmus

317 3986 432 4050 Rarus
468 3982 591 4049 abesset.
638 3981 785 4068 Legimus
813 3980 893 4044 enim
917 3981 998 4067 apud
1025 3982 1183 4049 Tncruuu
1207 3983 1293 4050 Hinc.

354 4203 395 4272 (1)
414 4204 466 4254 vni.
485 4202 529 4254 Dm
545 4202 639 4252 Cisseus
657 4199 722 4251 Libr.
739 4199 819 4257 anl,
834 4215 886 4264 pag.
898 4197 949 4250 72⁶
965 4198 985 4249 Ε
1003 4207 1026 4250 et
1044 4201 1141 4252 Trauos
1155 4201 1217 4252 Hist.
1233 4202 1296 4253 Libr.

318 4297 336 4344 1.
354 4309 406 4359 cap.
419 4293 481 4344 vlu.

354 4382 395 4452 (2)
414 4381 469 4433 vid.
487 4381 637 4432 vinemarus
654 4377 717 4429 Libr.
732 4375 811 4437 LXIV,
827 4392 878 4442 pag.
894 4377 946 4430 729
962 4379 980 4429 Ε
995 4385 1019 4430 et
1039 4379 1137 4431 Tmarus
1151 4379 1213 4432 ltin.
1231 4379 1294 4431 tur.

319 4476 337 4533 1,
349 4489 398 4538 cap.
414 4472 463 4524 llll.
