3200 5525
781 686 823 744 26

313 864 362 924 tor
396 860 465 939 fuit,
499 861 666 943 Nnnonrs,
696 863 811 928 Romae
831 862 918 941 vixit,
941 862 1151 950 philosophiae
1174 868 1206 928 et
1225 864 1290 928 elo·

311 973 453 1056 quentiae
488 998 609 1063 operam
633 976 784 1057 deditae
808 977 906 1041 multa
925 977 1039 1063 scripta
1058 975 1192 1061 rehquit.
1239 976 1289 1043 De

311 1086 378 1172 ejus
402 1089 475 1170 vita,
497 1096 604 1171 morte,
627 1092 750 1179 scriptis
773 1092 926 1179 permulta
946 1092 1092 1179 leguntur
1108 1090 1142 1154 in
1166 1090 1289 1157 Trornr

312 1204 496 1285 Annalibus,
518 1205 600 1292 apud
622 1205 824 1273 Souronmu
841 1210 871 1269 et
884 1204 1287 1288 numerorumque

310 1319 413 1383 tamen
435 1318 480 1383 ita
503 1320 644 1385 omnibus
659 1325 733 1385 nota
757 1343 822 1386 esse
846 1321 997 1399 existimo,
1007 1324 1044 1383 ut
1056 1343 1118 1383 non
1130 1342 1208 1406 opus
1219 1343 1285 1385 ese

311 1430 451 1497 videatur
482 1434 519 1498 de
546 1456 581 1499 eo
613 1434 785 1500 accuratius
813 1457 971 1521 exponere,
993 1457 1088 1519 quum
1108 1434 1284 1521 praesertim

309 1543 439 1611 Jusros
455 1546 593 1614 ersrus
617 1547 649 1611 in
674 1547 808 1613 editione
821 1571 876 1613 sua
887 1571 1012 1635 operum
1028 1549 1180 1613 Snnnouu
1191 1551 1285 1636 longa

309 1661 341 1722 et
360 1664 502 1725 accurata
526 1661 732 1747 disputatione
753 1662 789 1725 de
813 1685 848 1727 eo
874 1663 979 1750 egerit,
1003 1662 1054 1726 cui
1077 1662 1284 1749 praemittitur

303 1771 457 1857 judicium
480 1774 517 1839 de
540 1774 606 1859 ejus
626 1774 757 1862 scriptis.
803 1776 854 1841 Ad
874 1776 933 1841 hoc
952 1776 1049 1865 igitur
1072 1799 1150 1862 opus
1167 1777 1283 1865 relega·

308 1891 358 1953 tos
377 1888 446 1956 volo
470 1890 523 1976 qui
546 1889 635 1977 plura
655 1890 692 1956 de
709 1892 763 1957 illo
783 1892 965 1979 philosopho
991 1915 1172 1980 cognoscere
1192 1893 1283 1981 cupi-

309 2007 379 2083 ant;
413 2004 579 2089 inspiciant
607 2011 761 2093 praeterea
780 2029 980 2092 quaecunque
1004 2008 1208 2072 recentiorum
1228 2030 1282 2076 au·

306 2121 409 2182 torum
444 2118 557 2204 scripta
597 2119 634 2184 de
666 2121 798 2185 Surisca
831 2125 968 2207 egerunt.
1015 2121 1084 2184 Nos
1103 2142 1139 2185 ea
1162 2125 1282 2185 tanturn

308 2232 505 2319 attingamus,
527 2234 648 2318 quaein
669 2235 779 2299 Satiris
800 2235 837 2299 de
862 2257 897 2300 eo
922 2240 1086 2299 memorata
1097 2235 1281 2301 invenimus.

306 2345 467 2433 Nusquam
488 2352 658 2427 autemut
679 2348 821 2427 diximus,
845 2349 882 2414 de
902 2348 1122 2436 philosophicis
1141 2351 1207 2436 ejus
1216 2356 1282 2415 stu·

307 2462 367 2529 diis
398 2464 480 2551 apud
507 2464 714 2531 Juvnnnunu
746 2465 860 2530 mentio
896 2467 946 2544 fit,
975 2465 1028 2530 sed
1055 2470 1091 2530 ut
1114 2466 1227 2553 probus
1250 2472 1282 2533 et

307 2577 455 2644 honestus
473 2578 520 2645 vir
539 2579 671 2676 >scelesto
696 2584 727 2645 et
750 2580 866 2644 nefario
889 2580 1030 2647 Nenoru
1041 2581 1206 2668 opponitur
1218 2582 1280 2646 sat.

306 2692 402 2773 Vm,
424 2717 468 2761 vs.
493 2698 558 2759 ala
584 2699 614 2761 et
632 2695 750 2761 duobus
770 2695 856 2775 loeis,
879 2696 942 2760 Sat.
957 2696 998 2775 V,
1021 2719 1066 2761 vs.
1084 2699 1149 2761 100
1170 2699 1201 2760 et
1216 2696 1279 2759 Sat.

306 2809 348 2888 X,
371 2833 415 2876 vs.
440 2814 483 2876 16
509 2810 545 2875 de
566 2811 631 2896 ejus
652 2811 769 2877 divitiis
790 2834 887 2876 sermo
911 2817 966 2877 est.
1013 2812 1085 2877 Hoc
1108 2812 1189 2877 enim
1212 2811 1280 2876 loco

309 2924 446 3015 legimus:

386 3107 583 3186 Temporibus
600 3107 673 3167 diris
688 3108 779 3184 igitur
791 3109 938 3186 jussuque
949 3107 1077 3166 Neronis

388 3209 556 3286 Longinum
575 3214 605 3270 et
625 3228 748 3287 magnos
768 3210 900 3273 Senecae
916 3207 1092 3289 praedivitis
1112 3207 1212 3268 hortos

385 3318 494 3380 clausit
513 3321 568 3378 cet.

306 3533 367 3598 qna
387 3512 424 3576 de
443 3532 476 3576 re
500 3509 538 3573 cf.
562 3509 676 3573 Tncrr.
699 3511 813 3575 Annei.
836 3506 896 3573 Lib
920 3505 993 3584 XV,
1017 3527 1081 3591 cap.
1101 3505 1178 3571 LX:
1203 3506 1279 3572 cillo

310 3627 500 3714 apropinqua
519 3647 642 3711 vespera
665 3625 809 3690 tribunus
825 3622 910 3687 venit
930 3625 964 3686 et
986 3619 1090 3686 villam
1109 3620 1210 3708 globis
1221 3621 1278 3686 mi·

309 3743 420 3807 alitum
441 3741 570 3827 saepsit''
594 3745 650 3805 oet.
696 3739 799 3803 Pauca
826 3736 981 3802 videamus
1009 3737 1046 3801 de
1075 3737 1176 3802 verbis
1194 3737 1277 3801 an-

304 3859 410 3944 pinwm
436 3893 483 3905 -
519 3856 643 3929 clausit,
677 3875 753 3936 quae
784 3851 877 3915 lectio
907 3873 970 3914 non
990 3850 1131 3916 omnibus
1153 3850 1278 3935 placuit.

306 3971 544 4039 Humarcflms
563 3968 675 4034 retinet
699 3967 822 4052 quidem
842 3967 1002 4031 lectionem
1022 3966 1201 4049 Dominam,
1225 3965 1278 4030 sed

308 4085 410 4153 locum
432 4085 520 4151 aliter
543 4084 761 4169 interpretatur
778 4103 813 4145 ae
833 4081 926 4146 ceteri
949 4081 1138 4166 interpretes,
1149 4101 1278 4163 quorum

307 4201 444 4289 plerique
480 4200 517 4264 de
553 4202 648 4262 morte
684 4197 832 4261 Lonorio
861 4197 911 4283 agi
931 4196 1116 4273 existimant,
1138 4216 1232 4279 quum
1250 4192 1278 4256 is

308 4319 414 4380 contra
445 4315 566 4399 judrcat
587 4313 624 4376 de
649 4312 714 4397 ejus
734 4310 842 4375 exsilio
865 4311 899 4375 in
919 4308 1090 4375 Sardiniam
1111 4328 1278 4372 sermonem

305 4450 378 4506 esse,
401 4427 445 4493 ita
468 4432 504 4492 ut
527 4426 699 4510 Boopicwm
718 4463 764 4474 --
784 4426 898 4491 clausit
922 4424 1075 4512 significet
1093 4444 1160 4487 aaa
1178 4421 1245 4487 incl
1266 4458 1278 4469 -
