3200 5525
765 732 830 793 132

386 930 451 974 cum
472 912 588 989 quode
610 912 720 990 pluviis
741 918 793 971 aut
814 910 947 971 aestibus
967 914 1020 971 ant
1041 908 1176 969 nimboso

385 1035 455 1078 vere
478 1016 603 1076 locuturi
624 1016 718 1075 fatum
738 1013 890 1092 pendebat
910 1012 1024 1073 amici?

385 1121 441 1180 llle
462 1121 553 1195 igitur
574 1137 726 1195 nunquam
747 1119 858 1179 direxit
878 1115 1018 1178 bracchia
1040 1122 1142 1176 contra

384 1228 554 1292 torrentem,
573 1240 628 1281 nec
649 1221 723 1281 ciris
743 1228 817 1297 erat,
838 1220 890 1296 qui
910 1220 1004 1279 libera
1024 1224 1127 1295 posset

383 1325 474 1385 verba
491 1323 582 1384 animi
603 1323 733 1403 proferre
755 1328 786 1383 et
806 1323 900 1382 vitam
921 1321 1093 1399 impendere
1115 1337 1202 1381 vero:

385 1426 430 1487 sic
449 1429 558 1489 multas
580 1426 693 1486 hiemes
714 1430 804 1501 atque
826 1423 1006 1499 octogesima
1026 1422 1103 1483 vidit

386 1529 524 1608 solstitia,
545 1528 593 1590 his
613 1529 702 1589 armis
724 1529 778 1588 illa
798 1545 916 1606 quoque
936 1532 1019 1589 tutus
1040 1528 1072 1587 in
1091 1526 1171 1586 aula.

351 1703 409 1767 Nil
440 1703 550 1767 mirum
582 1708 681 1769 autem
718 1704 744 1767 si
777 1708 876 1789 potita,
911 1703 959 1768 vir
983 1702 1061 1767 acris
1081 1702 1208 1789 ingenii,
1230 1702 1284 1786 qui

306 1818 399 1883 libere
411 1818 448 1882 de
460 1817 635 1902 aequalibus
650 1818 713 1882 suis
726 1818 908 1883 sententiam
921 1817 1020 1881 dicere
1032 1817 1156 1881 auderet
1168 1838 1286 1881 eorum·

306 1956 365 2017 quc
384 1933 502 2020 flagitia
521 1932 732 2019 perstringere,
754 1937 871 1996 tantam
894 1931 1047 2018 ignaviam
1070 1931 1220 1995 serrenon
1233 1952 1287 2016 po·

305 2046 377 2125 tuit,
400 2068 435 2110 ac
455 2068 556 2111 senem
576 2046 696 2129 quietae
716 2046 797 2109 vitae
821 2067 911 2130 quam
936 2044 1073 2109 veritatis
1090 2044 1287 2108 amantiorem

309 2166 465 2225 contemtu
489 2160 616 2246 dignum
640 2159 835 2224 existimauit.
860 2158 946 2230 Quae
970 2158 1051 2223 adh.
1070 2158 1092 2222 l.
1114 2158 1287 2223 Scholiasta

308 2273 466 2337 adnotavit
497 2272 621 2337 minime
653 2274 815 2338 convenire
840 2274 874 2337 in
904 2278 1042 2337 nostrum
1068 2274 1219 2339 Gnrsruu
1239 2274 1287 2339 vel

308 2388 380 2452 inde
399 2387 593 2475 intelligitur,
615 2389 698 2473 quod
729 2390 762 2453 10
795 2389 866 2452 aliis
888 2388 974 2466 dreit,
998 2411 1066 2453 eum
1090 2388 1216 2474 periisse
1235 2410 1288 2475 per

307 2501 444 2567 fraudem
470 2504 691 2580 Annonam,
714 2503 870 2567 Nasours
891 2502 1007 2567 matris.
1029 2502 1161 2569 Videtur
1185 2509 1285 2569 autem

310 2615 538 2681 Dominam
575 2637 642 2680 cum
680 2616 823 2679 Narona
860 2616 1053 2695 confundere,
1083 2639 1143 2701 quo
1166 2617 1291 2683 nomine

309 2730 398 2796 illum
426 2730 459 2796 in
483 2729 616 2800 Scholiis
640 2752 727 2818 saepe
758 2729 888 2796 indicari
908 2734 1093 2797 notum'est.
1140 2732 1231 2798 Hanc
1250 2733 1291 2799 ob

310 2868 374 2912 rem
406 2846 498 2911 multi
534 2846 715 2933 interpretes
735 2869 812 2931 quae
835 2847 868 2910 in
891 2846 1024 2912 Scholiis
1042 2848 1187 2934 leguntur
1210 2849 1291 2914 acci-

310 2961 401 3047 piunt
421 2959 458 3024 de
474 2959 597 3025 Oarsso
621 2960 787 3024 Pasarnuo
813 2961 871 3044 (1),
894 2981 986 3042 quum
1011 2959 1062 3025 hic
1082 2983 1179 3025 sermo
1200 2963 1241 3026 sit
1253 2963 1291 3027 de

310 3073 415 3139 Vraro
448 3075 580 3153 Carano,
612 3074 649 3138 de
681 3096 741 3158 quo
765 3095 828 3137 non
852 3074 988 3156 iniquum
1008 3074 1159 3158 judicium
1183 3077 1293 3142 tulisse

309 3196 428 3276 poetam
453 3188 581 3252 aliorum
606 3187 788 3271 scriptorum
801 3186 985 3249 testimoniis
998 3188 1202 3264 confirmatur,
1213 3192 1290 3273 quin

311 3303 402 3367 etiam
427 3300 575 3363 Tacmns
595 3299 753 3362 nonnullis
765 3298 842 3361 locis
854 3298 987 3363 severius
998 3322 1086 3383 quam
1100 3299 1122 3362 J
1123 3322 1293 3368 ursmarus

311 3416 349 3480 de
372 3435 407 3478 eo
427 3411 555 3496 judicat.
580 3411 666 3475 Hist.
702 3411 784 3489 enim
807 3410 892 3475 Libr.
915 3411 961 3488 H,
995 3435 1061 3500 cap.
1086 3414 1118 3479 X
1149 3416 1280 3502 legimus

311 3527 457 3591 aVrarus
481 3525 635 3604 Crusrus,
658 3524 796 3611 pecunia,
808 3525 954 3611 potentia,
965 3526 1089 3614 ingenio
1101 3529 1182 3594 inter
1193 3532 1292 3596 claros

313 3641 430 3729 armagis
442 3662 531 3726 quam
544 3640 624 3705 inter
634 3638 738 3717 bonos,
749 3641 893 3704 Animum
905 3640 1076 3720 Funerum,
1087 3646 1235 3727 equestris
1243 3668 1293 3711 or-

313 3757 425 3834 adinis,
447 3756 500 3842 qui
521 3755 712 3841 temporibus
736 3753 893 3817 Nnaours
917 3754 1082 3820 delationes
1093 3757 1294 3839 factitaverat,

313 3874 373 3938 aad
390 3871 596 3958 cognitionem
623 3872 746 3934 senatus
770 3867 929 3933 vocabat.’'
975 3870 1071 3955 Cujus
1090 3875 1293 3940 accusationis

313 4009 433 4054 causam
468 3985 517 4049 his
554 3985 654 4050 verbis
678 3983 777 4048 addit:
803 3984 873 4048 aad
897 3982 956 4048 hoc
973 3987 1099 4051 terroris
1121 3993 1153 4052 et
1171 3991 1293 4075 propria

313 4102 365 4168 nvi
397 4100 542 4164 Garsaus
570 4098 760 4174 incubuerat,
795 4097 958 4163 delatorem
982 4098 1085 4165 fratris
1106 4101 1152 4164 sni
1172 4124 1293 4188 perver-

348 4303 390 4371 (1)
411 4305 443 4354 ba
459 4320 486 4354 ao
504 4305 592 4353 mentio
612 4305 637 4352 llt
655 4300 716 4364 apud
735 4299 836 4349 Taurus
854 4303 939 4352 10001.
957 4302 1021 4352 libr.
1050 4303 1086 4359 Vl,
1102 4317 1154 4366 cap.
1172 4303 1293 4354 11101ἰί0-

312 4411 358 4461 que
375 4394 447 4451 locis;
465 4405 549 4441 nomeu
567 4393 588 4441 ci
608 4392 680 4442 luisse
698 4385 790 4436 ridetur
806 4387 839 4439 C.
857 4390 933 4441 vrrrus
962 4391 1062 4443 Carsrus
1081 4390 1213 4449 Passurus,
1229 4391 1293 4457 quod

313 4499 398 4536 nomen
416 4483 492 4549 iprum
510 4481 635 4532 Scholiast.
652 4490 742 4532 errasse
764 4475 856 4528 secent.
