3200 5525
694 738 697 749 '
778 725 843 790 lul

315 928 380 976 rem
408 910 502 974 fuisse
525 909 711 974 libertinum.
757 909 856 992 Atqui
885 908 1032 973 'Prorsus
1051 910 1139 975 Hiar.
1161 910 1247 976 Libr.
1266 909 1294 991 J,
1391 901 1393 906 ¹

318 1047 383 1113 cap.
406 1026 521 1090 LVIII
552 1018 664 1101 narrat,
685 1023 881 1088 Vrrurnnun
901 1022 1071 1088 ministeria
1095 1025 1294 1111 principatus,

318 1162 371 1226 per
384 1139 510 1204 libertos
530 1138 579 1226 agi
608 1137 706 1215 solita,
728 1136 762 1200 in
787 1137 904 1221 equites
924 1137 1079 1202 Romanos
1101 1140 1294 1223 disposuisse.

364 1254 469 1326 Quum
494 1253 550 1318 sub
573 1253 698 1339 imperio
719 1252 927 1316 Vnsrnsrnur
943 1258 974 1316 et
987 1254 1073 1331 Tru,
1085 1259 1192 1340 utpote
1203 1255 1293 1319 laude

320 1370 481 1457 dignorum
495 1370 675 1455 principum,
699 1369 862 1432 auctoritas
874 1367 1052 1433 libertorum
1068 1371 1168 1434 minor
1179 1371 1297 1448 fuisset

318 1485 516 1549 Dourrrnuo
538 1485 706 1570 imperante
727 1482 827 1547 denuo
839 1482 975 1547 libertini
992 1484 1110 1570 magnis
1127 1483 1295 1550 honoribus

316 1600 418 1664 affecti
450 1603 531 1675 sunt,
564 1604 601 1661 ut
636 1598 730 1662 tradit
757 1597 950 1661 Suuroruus
973 1599 1008 1662 iu
1030 1600 1098 1663 vita
1123 1601 1296 1664 Domitiani

318 1737 383 1801 cap.
404 1715 485 1779 VH:
510 1712 686 1786 rQuaedam
710 1734 748 1776 ex
770 1711 912 1776 maximis
922 1712 1032 1776 officiis
1044 1712 1125 1778 inter
1136 1713 1296 1780 libertinos

317 1828 514 1914 nequitesque
533 1826 688 1890 Romanos
711 1823 979 1892 communicarit.'’
1003 1825 1109 1898 Quum
1132 1826 1238 1914 igitur,
1259 1832 1296 1893 ut

318 1942 458 2020 vidimus,
481 1964 506 2005 a·
521 1939 660 2027 pessimis
682 1938 746 2003 illis
765 1939 998 2025 imperatoribus
1013 1940 1103 2004 multi
1115 1960 1132 2005 e
1143 1940 1295 2006 libertinis

317 2058 355 2121 ad
379 2060 547 2141 equestrem
566 2054 694 2142 gradum
717 2055 815 2119 evecti
837 2054 1040 2131 sint,minime
1051 2059 1099 2120 est
1111 2055 1293 2135 mirandum,

315 2173 342 2237 si
380 2172 527 2236 'Proreus
554 2170 668 2235 Annei.
699 2168 784 2235 Libr.
808 2169 905 2245 XIIL
927 2192 991 2256 cap.
1015 2168 1150 2234 XXVII
1168 2170 1202 2234 in
1225 2192 1295 2237 ora·

317 2287 400 2351 tione
416 2285 544 2371 quadam
568 2285 612 2348 ita
632 2284 781 2368 queritur:
807 2283 995 2347 ttPaucorum
1010 2283 1129 2369 culpam
1142 2283 1218 2369 ipsis
1227 2285 1294 2351 exi-

319 2404 446 2467 otiosam
471 2424 535 2465 esse
553 2400 671 2477 debere,
693 2399 772 2464 nihil
783 2399 992 2464 universorum
1002 2400 1294 2488 juriderogandum:

317 2518 448 2602 equippe
464 2516 524 2580 late
548 2516 648 2579 lusum
668 2514 701 2577 id
722 2536 840 2600 corpus·
887 2514 972 2578 Hinc
992 2514 1168 2599 plerumque
1186 2516 1295 2596 tribus,

318 2631 484 2707 udecurias
507 2630 675 2694 ministeria
695 2628 924 2715 magistratibus
944 2634 975 2693 et
999 2629 1218 2706 sacerdotibus,
1243 2654 1294 2695 co-

317 2746 440 2812 nbortes
462 2746 553 2810 etiam
573 2746 607 2808 in
625 2744 710 2810 Urbe
734 2744 930 2831 conscriptas:
953 2749 984 2809 et
995 2744 1136 2832 plurimis
1145 2745 1294 2830 equitum,

316 2861 489 2949 aplerisque
516 2857 705 2923 senatoribus
736 2881 798 2922 non
826 2859 948 2923 aliunde
971 2861 1120 2946 originem
1140 2859 1230 2926 trahi.
1258 2862 1293 2926 Si

316 2979 545 3063 nsepararentur
567 2972 713 3051 libertini,
734 2973 923 3038 manifestam
947 2976 1011 3039 fore
1030 2975 1293 3064 penuriamssinge·

317 3087 501 3159 nouorumfl’
539 3090 579 3154 In
602 3087 706 3154 libello
724 3093 826 3152 autem
848 3088 884 3153 de
906 3089 1072 3153 Germania
1087 3112 1224 3154 severum
1243 3091 1296 3176 ju·

318 3206 452 3271 adicium
484 3204 522 3269 de
553 3203 670 3268 libertis
706 3202 810 3288 deque
831 3224 937 3266 eorum
962 3202 1145 3267 auctoritate
1165 3203 1295 3289 legimus

319 3319 486 3405 uejusmodi
507 3340 572 3404 cap.
598 3316 703 3383 XXV:
729 3316 868 3382 uLiberti
890 3339 952 3381 non
965 3317 1097 3382 multum
1120 3339 1211 3404 supra
1231 3340 1295 3383 ser·

316 3457 390 3501 nvos
415 3439 500 3499 sunt:
524 3455 591 3498 raro
615 3433 738 3518 aliquod
762 3437 947 3497 momentum
971 3432 1004 3496 in
1017 3431 1116 3511 domo,
1139 3454 1295 3518 nunquam

317 3551 369 3614 nin
401 3549 536 3626 civitate,
570 3549 704 3632 exceptis
728 3546 877 3610 duntaxat
900 3547 940 3611 iis
956 3546 1109 3632 gentibus,
1132 3570 1208 3632 quae
1224 3571 1294 3637 reg·

317 3667 461 3727 urantur:
492 3661 536 3726 ibi
569 3661 649 3724 enim
680 3664 712 3724 et
733 3682 823 3745 super
843 3660 993 3747 ingenuos
1012 3667 1044 3724 et
1064 3683 1152 3746 super
1176 3663 1294 3729 nobiles

316 3778 513 3844 trascendunt.
559 3775 653 3862 Apud
689 3779 806 3839 ceteros
825 3776 955 3859 impares
983 3773 1119 3838 libertini
1143 3774 1294 3841 libertatis

315 3896 545 3979 vargumentum
578 3895 676 3954 sunt.''
725 3888 928 3954 Vehementer
963 3887 1011 3952 his
1047 3888 1147 3953 verbis
1174 3889 1294 3976 imperii

317 4007 448 4071 Romani
473 4010 585 4070 statum
610 4004 788 4091 perstringit
808 4009 923 4083 auctor,
948 4005 1000 4088 qui
1014 4003 1205 4069 barbararum
1219 4026 1295 4091 gen·

317 4125 395 4187 tium
428 4143 526 4186 mores
555 4125 588 4185 et
609 4120 752 4184 inst'tuta
776 4118 834 4182 hac
856 4119 890 4182 in
910 4141 942 4182 re
962 4119 1098 4196 lauduna,
1121 4117 1231 4184 alludit
1255 4119 1294 4184 ad

322 4236 441 4301 foedam
470 4234 681 4299 libertinorum
713 4231 890 4316 potentiam,
921 4253 980 4316 qua
998 4231 1113 4297 Romae
1132 4231 1295 4298 utebantur

317 4351 386 4416 istis
408 4349 602 4437 temporibus.

363 4467 473 4551 Neque
504 4463 716 4530 auctoritatem
735 4467 856 4528 tantum
872 4467 903 4530 et
930 4463 1096 4549 potentiam
1124 4448 1295 4548 acquisive-

1110 4583 1150 4642 ll
