3200 5525
780 726 824 789 48

312 910 525 975 Monnnnun
550 907 727 971 detestanda
743 912 877 970 carmina
893 907 1083 970 factitantem
1096 908 1216 974 eludere
1228 910 1288 975 im-

312 1048 392 1110 pune
428 1025 587 1087 sinerent.''
635 1022 699 1087 Alii
731 1026 831 1086 tamen
857 1023 962 1086 mitius
980 1022 1017 1085 de
1041 1045 1077 1085 eo
1096 1024 1290 1109 judicabant,

310 1162 379 1203 eum
401 1139 495 1202 fuisse
514 1138 624 1224 probae
655 1140 799 1223 juventae
819 1138 943 1220 ejusque
967 1158 1088 1201 carmen
1107 1161 1169 1203 non
1188 1140 1287 1205 famo·

310 1277 377 1316 sum
394 1253 446 1316 sed
469 1252 661 1339 ingeniosum
693 1252 796 1327 fuisse,
816 1251 915 1335 ipsum
940 1272 1011 1314 vero
1036 1253 1179 1316 carminis
1197 1254 1286 1342 inge-

311 1368 396 1431 nium
420 1368 590 1431 Nnnonnn
614 1366 746 1442 laesisse,
768 1366 880 1450 qnippe
903 1366 957 1449 qui
982 1373 1072 1451 poeta
1094 1368 1198 1433 haberi
1221 1371 1287 1435 vel·

309 1482 360 1545 let.
407 1483 491 1545 Reus
527 1480 665 1564 quamvis
697 1478 840 1543 carminis
864 1480 981 1556 famosi,
1003 1481 1105 1546 salvus
1137 1506 1153 1547 e
1164 1484 1286 1568 judicio

309 1597 405 1661 evasit
437 1596 612 1671 cunarum
648 1594 777 1680 legimus
813 1594 895 1657 enim
922 1595 944 1660 l.
978 1594 998 1657 l.
1022 1618 1086 1681 cap.
1109 1597 1284 1662 XXXIII:

312 1712 537 1777 '‘Monrnuus
557 1710 636 1795 patri
660 1731 822 1773 concessus
844 1714 900 1786 est,
912 1710 1070 1795 praedicto
1090 1734 1129 1775 ne
1140 1712 1174 1775 in
1193 1734 1286 1799 repu-

310 1828 410 1893 nblica
445 1824 633 1892 baberetur.''
679 1825 782 1889 Ceteri
818 1826 1024 1909 conjuratores
1053 1829 1163 1912 partim
1185 1835 1285 1894 morte

307 1943 429 2007 multati
469 1947 550 2017 sunt,
581 1946 617 2003 ut
653 1940 838 2015 Tnanssn,
872 1942 1061 2017 somnos,
1095 1943 1285 2023 suerrum,

307 2059 417 2144 partim
453 2056 569 2131 exsilio,
604 2061 640 2117 ut
664 2055 872 2119 Hsnvrnrns
896 2062 928 2118 ct
951 2056 1143 2123 Pnoonnus.
1189 2059 1284 2130 Quod

309 2171 346 2233 de
382 2168 567 2232 Mancino
603 2166 733 2251 legimus
772 2189 829 2230 une
852 2168 885 2230 in
914 2170 1070 2254 republica
1091 2170 1282 2252 baberetur,”

308 2285 451 2348 ersrus
475 2281 520 2344 sic
547 2281 778 2364 interpretatur:
804 2285 859 2343 aut
890 2282 1005 2347 Romae
1028 2284 1150 2367 quidem
1166 2308 1231 2350 esse
1254 2288 1283 2351 ei

313 2397 446 2472 eliceret,
469 2396 521 2458 sed
546 2394 653 2479 procul
672 2393 710 2457 ab
729 2393 843 2458 honore
862 2397 945 2459 omni
970 2404 1001 2461 et
1022 2399 1154 2483 publicis
1176 2423 1284 2465 mune-

311 2512 442 2575 nribus.''
464 2512 619 2575 Nuuoun
643 2514 762 2573 mortuo
785 2515 887 2573 tamen
911 2511 944 2574 in
968 2511 1114 2577 honorem
1137 2537 1206 2578 eum
1234 2537 1283 2579 re-

307 2628 451 2691 stitutum
475 2647 548 2700 esse,
567 2624 630 2708 jam
654 2646 670 2686 e
694 2624 899 2692 Juvenanrs
922 2626 1127 2693 looolaudato
1150 2636 1282 2715 apparet.

306 2744 465 2807 Praeterea
484 2740 549 2825 ejus
572 2761 681 2803 nomen
705 2739 819 2826 legitur
843 2742 924 2827 apud
948 2743 1118 2810 Tncrrun
1142 2745 1177 2808 in
1196 2743 1283 2808 Hiar.

307 2857 391 2921 Libr.
414 2856 472 2920 [v.
519 2857 691 2941 Imperante
715 2861 815 2919 autem
840 2856 1074 2924 Vnsrnsrnno
1100 2858 1283 2923 DOMITIA-

309 2984 386 3051 NUS,
408 2972 584 3038 absentibus
596 2975 682 3056 patre
704 2976 736 3034 et
754 2971 847 3034 fratre
871 2972 972 3047 Trr0,
995 2972 1029 3034 in
1050 2978 1188 3035 senatum
1200 2977 1284 3036 retu·

309 3087 347 3152 lit
367 3089 404 3154 de
427 3086 625 3153 restituendis
642 3085 796 3150 Gaurana
816 3084 991 3149 honoribus
1027 3084 1107 3146 Tum
1131 3085 1284 3151 Mororu-

313 3221 380 3267 nus
416 3201 595 3264 sententiam
628 3200 752 3280 rogatus
781 3197 901 3258 censuit
932 3201 968 3258 ut
999 3197 1143 3262 Pisonrs
1162 3218 1284 3281 quoque

312 3336 456 3378 memoria
480 3312 689 3382 celebraretur,
722 3310 883 3373 Pisonum
915 3310 1141 3376 chlnlnnun
1164 3310 1284 3398 signifi

309 3450 390 3503 cans,
413 3426 466 3509 qui
490 3426 528 3488 ab
551 3425 704 3487 Oenone
737 3444 895 3486 successor
914 3423 1100 3510 designatus,
1122 3449 1140 3488 a
1163 3432 1283 3512 praeto

309 3542 403 3606 rianis
426 3540 605 3603 interfectus
629 3541 701 3599 erat.
747 3535 851 3607 Quum
876 3543 975 3602 autem
1000 3540 1034 3602 in
1059 3545 1167 3604 senatu
1189 3542 1282 3608 Mus-

311 3675 403 3722 snnn
430 3655 554 3718 auderet
576 3674 631 3738 pro
655 3652 747 3715 fratre
771 3654 930 3726 Aoumro
954 3655 1107 3720 Rsonuo
1120 3656 1282 3742 deprecari

310 3767 494 3844 noocurrit,”
526 3768 569 3831 ait
593 3767 751 3833 Tnclnus
781 3767 869 3832 Hiar.
890 3768 974 3832 Libr.
998 3770 1065 3846 IV,
1089 3793 1152 3856 cap.
1176 3770 1282 3847 XLII,

312 3884 412 3949 ntruci
428 3882 565 3946 oratione
596 3881 754 3947 Cunnms
790 3881 1007 3959 Monrnnm,
1029 3906 1064 3947 eo
1088 3906 1184 3967 usque
1206 3906 1282 3970 pro·

311 4021 468 4086 agressum
502 4001 538 4060 nt
557 4000 626 4081 post
646 3995 766 4059 caedem
791 3995 946 4060 GALBAE
970 3997 1071 4060 datam
1093 3997 1282 4062 interfectori

312 4115 476 4180 nPlson’ls
512 4111 670 4197 pecuniam
702 4135 718 4173 a
751 4112 904 4178 aromo
929 4112 1155 4198 adpetitumque
1178 4135 1282 4177 morsu

311 4230 471 4295 uPrsorus
491 4231 582 4312 caput
609 4225 805 4310 objectaret.”
853 4227 974 4290 Deinde
996 4228 1163 4292 orationem
1174 4227 1282 4292 babuit

309 4347 343 4410 in
363 4342 558 4418 adversarios,
580 4363 656 4424 quae
676 4363 786 4428 magno
807 4363 875 4406 oum
888 4342 1019 4406 adsensu
1030 4365 1047 4406 a
1060 4348 1166 4407 senatu
1178 4342 1281 4406 audita

310 4465 365 4538 est,
387 4481 447 4542 qua
469 4454 623 4521 invehitur
646 4455 680 4517 in
701 4454 865 4518 delatorem
889 4457 1077 4531 Aoummu
1093 4456 1280 4522 Brennum.
