3200 5525
763 716 805 775 65

204 936 205 940 =
298 896 433 963 versibus
466 892 597 960 laudatis
632 895 697 981 agit
725 896 762 960 de
786 900 851 960 arte
874 893 1062 974 'l'nnononn
1081 918 1159 981 qnae
1183 894 1273 983 hujus

297 1010 367 1075 libri
380 1014 591 1098 argumentum
603 1009 704 1073 fuerit.
716 1007 971 1081 Qumnrnnuus
983 1009 1061 1075 laet.
1075 1011 1126 1075 Or.
1136 1010 1275 1089 Libnfl,

298 1146 362 1210 cap.
383 1124 467 1189 XVI
479 1124 607 1187 eundem
622 1122 671 1187 his
694 1122 793 1189 verbis
806 1123 926 1187 laudat:
950 1121 1101 1189 nCautius
1119 1124 1275 1189 Turono-

299 1260 384 1302 nnus
414 1239 611 1317 Gauianus,
633 1242 669 1301 ut
695 1239 759 1323 jam
783 1236 823 1302 ad
842 1260 893 1302 eos
916 1237 1083 1316 veniamus,
1105 1237 1159 1322 qui
1178 1246 1275 1303 arten

300 1352 441 1437 equidem
466 1375 530 1417 esse
551 1375 625 1430 eam,
648 1351 700 1416 sed
737 1375 796 1417 aon
819 1352 963 1417 virtutem
986 1356 1179 1438 putaverunt.
1224 1353 1277 1419 Ita

300 1468 400 1532 nenim
435 1468 511 1531 dicit
544 1468 592 1553 (ut
622 1467 697 1553 ipsis
729 1489 833 1531 eorum
863 1466 963 1532 verbis
983 1470 1062 1545 utar,
1084 1466 1137 1552 qui
1159 1466 1219 1533 hoc
1238 1490 1277 1533 ex

211 1632 226 1647 ,
301 1582 437 1646 nGraeco
469 1582 807 1668 transimennum
839 1581 1011 1661 incentrice,
1045 1590 1076 1648 et
1091 1582 1279 1668 judicaberis,

300 1704 350 1760 nat
386 1698 579 1761 enuntiatrix
611 1698 733 1762 decente
763 1702 874 1760 oram
907 1696 1070 1760 aenaeae
1099 1696 1279 1762 mencionem

221 1862 239 1891 ,
301 1814 399 1897 esque,
423 1814 558 1898 quodie
582 1834 697 1898 quoquc
711 1818 815 1895 potest
838 1812 918 1875 sami
935 1811 1150 1895 aaronitae,
1168 1812 1279 1877 inmo·

301 1927 402 1991 atera
426 1928 543 1992 civitio
589 1924 955 1997 Qumrrnrnuusautem
975 1923 1010 1987 in
1026 1923 1191 2011 capiteillo
1203 1948 1279 1989 enu-

300 2046 396 2106 merat
434 2040 602 2106 sententias
637 2038 886 2126 philosophorum
920 2044 952 2103 et
983 2039 1139 2105 rhetorum
1170 2040 1208 2105 de
1242 2063 1279 2106 ea

299 2156 485 2241 quaestione,
507 2155 581 2240 quid
605 2154 646 2219 sit
674 2152 834 2217 rhetorica
879 2153 965 2219 Libr.
999 2153 1063 2233 HI,
1086 2177 1150 2241 cap.
1174 2156 1193 2219 I
1215 2161 1279 2221 tra·

302 2271 349 2335 dit
374 2272 590 2335 Tenononun
602 2267 758 2333 Rhodium
772 2267 834 2332 dici
847 2267 990 2333 maluisse
1005 2290 1096 2353 quam
1108 2269 1281 2335 Gadarenm

300 2390 331 2449 et
353 2387 564 2472 imperatorem
578 2384 752 2448 Tmnnruu
764 2383 899 2447 studiose
910 2405 980 2448 enm
998 2383 1162 2463 audivisse,
1183 2406 1278 2469 quum

301 2501 333 2563 in
370 2500 471 2564 insula
497 2498 620 2563 Rnono
651 2498 804 2562 exsularet
836 2497 894 2583 (1).
939 2495 1081 2561 Fortasse
1112 2497 1150 2561 de
1173 2498 1278 2563 eodem

300 2614 366 2700 egit
384 2614 581 2679 Mennunis
599 2612 684 2677 Libr.
708 2612 738 2674 V
762 2635 808 2698 ep.
831 2610 989 2677 LXXHL

353 2842 551 2906 Vnenrnnus
574 2845 757 2907 memoratur
786 2841 851 2906 Sat.
874 2841 971 2922 XHI,
1005 2864 1047 2907 vs.
1073 2845 1138 2908 119
1162 2846 1194 2909 et
1216 2843 1281 2909 Sat

303 2956 387 3022 XVI
406 2979 449 3022 vs.
470 2958 526 3020 23:

421 3181 427 3194 .
448 3180 456 3194 .
477 3181 485 3195 .
506 3171 531 3194 ,ι
534 3177 770 3206 .........
791 3136 922 3216 Dignum
939 3139 996 3201 erit
1015 3157 1086 3218 ergo

384 3239 592 3302 declamatoris
612 3240 725 3300 mulino
745 3240 832 3303 corde
852 3241 982 3322 vergelli,

384 3361 451 3405 cum
471 3343 529 3404 dno
549 3361 635 3406 crura
648 3343 770 3424 habeas,
791 3343 940 3407 offendere
960 3349 1005 3408 tot
1024 3346 1148 3428 caligas,
1168 3352 1214 3411 tot

381 3447 466 3506 milia
484 3446 634 3508 clavorum
653 3451 711 3508 cet.

352 3616 403 3680 Ad
415 3616 445 3681 h.
469 3617 489 3681 l.
505 3616 635 3704 legimus
655 3615 687 3680 in
711 3615 858 3680 Scholiis:
882 3616 1030 3682 'aasabim
1049 3619 1137 3684 corde
1152 3619 1283 3706 Vaqclti.

307 3730 367 3795 alu
384 3731 454 3810 alio,
477 3731 678 3797 Mutinensis.
701 3728 820 3796 Rhetor
843 3729 955 3816 aliquis
979 3730 1017 3796 de
1039 3731 1172 3812 Mutina,
1194 3733 1284 3822 igne·

307 3866 384 3910 rivus
420 3845 546 3931 [cor]de
566 3843 714 3909 mulino.'’
762 3843 826 3910 (lur
857 3842 1003 3909 Scholion
1035 3867 1103 3910 eum
1123 3844 1284 3911 Mutinen-

306 3941 369 4022 sem
390 3960 587 4046 appellaverit
598 3982 660 4024 non
678 3960 791 4045 liquet;
814 3959 1049 4028 Bnnnnnrcns
1060 3964 1163 4026 tamen
1178 3964 1284 4026 aucto·

307 4074 407 4153 ritate,
430 4079 466 4140 ut
485 4075 616 4154 videtur,
638 4075 730 4161 hujus
753 4074 880 4154 Scholii,
903 4075 980 4140 dicit
1010 4100 1081 4142 eum
1100 4076 1194 4142 fuisse
1213 4075 1284 4145 Va-

309 4207 466 4255 eunmuu
487 4189 705 4268 Mutinensem,
728 4193 837 4276 po'etae
863 4193 961 4254 aetate
985 4191 1172 4257 causidicum
1194 4189 1288 4257 auda·

307 4305 473 4384 cissimnm,
497 4306 549 4391 qui
574 4326 679 4370 causa-s
714 4305 762 4371 vel
782 4304 967 4392 periculosas
992 4307 1159 4394 susciperet
1182 4306 1285 4372 defen-

343 4486 383 4553 (1)
404 4487 434 4537 ef.
451 4487 579 4538 Suetonius
597 4485 622 4534 ie
634 4485 682 4534 otta
701 4482 782 4534 Tiberii
803 4497 854 4547 erp.
870 4483 936 4534 tvss.

1121 4578 1140 4636 5
