3200 5525
365 1983 382 2065 q
410 1984 438 2045 3.
479 1982 538 2047 DE
562 1983 933 2050 JURISOONSULTIS
956 1984 1012 2049 ΕΤ
1035 1982 1291 2050 CAUSIDIOIS.

337 2646 586 2735 Jurisprudentia
607 2647 754 2725 Romana,
778 2668 855 2733 quae
874 2651 1049 2735 peremnia
1071 2651 1173 2715 secula
1186 2652 1310 2717 summis

336 2762 478 2831 laudibus
514 2761 664 2830 celebrata
693 2767 739 2828 est
759 2764 798 2831 ob
823 2788 965 2853 magnum
987 2789 1084 2844 usum,
1103 2791 1191 2853 quem
1207 2769 1310 2855 generi

335 2879 477 2960 humano,
496 2880 545 2946 uel
570 2879 711 2946 omnibus
736 2884 818 2945 certe
843 2880 934 2946 cultis
954 2880 1097 2968 gentibus
1121 2883 1235 2961 attulit,
1258 2906 1312 2970 op

334 2995 412 3060 timo
436 2997 506 3082 jure
532 2996 588 3061 has
624 2997 728 3061 laudes
764 2996 911 3062 meruisse
935 2996 1065 3061 videtur.
1111 2997 1312 3082 Imperatoria

333 3110 474 3198 inprimis
502 3116 600 3177 aetate
631 3111 720 3176 multi
740 3111 823 3195 iique
843 3109 1094 3195 praestantissimi
1115 3109 1196 3192 juris
1219 3110 1309 3193 periti

334 3223 450 3288 Romae
470 3224 644 3309 viguerunt,
667 3227 697 3286 et
721 3226 835 3306 quanta
858 3220 893 3283 in
914 3222 1055 3303 Digestis
1074 3220 1309 3284 clarissimorum

330 3336 621 3422 juriseonsultorum
653 3334 745 3397 series
779 3333 904 3418 legitur,
924 3335 958 3396 in
978 3333 1171 3398 celeberrima
1193 3335 1256 3413 illa,
1274 3342 1311 3401 ut

333 3453 377 3518 ita
409 3452 517 3530 dicam,
542 3448 721 3534 anthologia
737 3447 880 3532 juridica.
906 3447 966 3515 Cui
987 3449 1094 3536 ignota
1106 3473 1170 3515 esse
1182 3458 1310 3538 possunt

333 3566 457 3631 nomina
493 3565 725 3630 Sabinianoram
749 3567 780 3626 et
801 3563 1064 3644 Proculianum,
1083 3567 1136 3652 qui
1161 3567 1309 3633 diversam

334 3679 526 3766 disciplinam
547 3676 654 3754 secuti,
675 3675 786 3740 mirum
809 3683 957 3761 quantum
973 3679 1052 3764 juris
1073 3679 1309 3767 seientiampro·

333 3800 502 3875 moverunt,
525 3794 562 3859 de
578 3791 736 3878 quibusvis
760 3792 989 3877 quaestionibus
1012 3793 1046 3856 in
1070 3798 1309 3881 utramquepar-

331 3914 394 3975 tem
427 3908 610 3996 disputando
646 3906 769 3991 suisque
806 3907 948 3993 operibus
984 3907 1017 3971 in
1045 3905 1144 3972 lucem
1176 3907 1308 3972 edendis.

332 4023 419 4094 Quae
439 4046 534 4108 quum
549 4023 593 4086 ita
613 4022 684 4100 sint,
708 4026 837 4109 apoeta
861 4026 963 4086 tamen
974 4022 1073 4086 tristis
1090 4022 1179 4086 nobis
1198 4044 1309 4108 propo·

331 4136 417 4200 nitur
435 4136 694 4223 jurisprudentiae
722 4137 840 4222 image,
875 4141 906 4200 et
931 4136 1076 4222 plerique,
1099 4159 1175 4221 quos
1195 4159 1308 4201 memo-

331 4254 389 4330 rat,
415 4251 629 4336 jurisconsulti
660 4249 852 4316 vehementer
876 4249 913 4316 ab
941 4273 976 4315 eo
1000 4252 1249 4338 perstringuntur
1272 4255 1308 4314 ut

330 4364 448 4430 nullius
482 4365 543 4429 fere
563 4364 653 4451 pretii
685 4369 716 4430 et
740 4369 895 4430 contemtu
916 4364 1011 4452 digni,
1033 4365 1171 4430 homines
1194 4370 1308 4429 eetero-

332 4480 408 4563 quin
431 4503 537 4567 parum
560 4480 643 4546 noti:
670 4480 730 4544 duo
754 4485 876 4546 tanturn
900 4480 937 4545 ab
962 4503 997 4545 eo
1018 4483 1231 4557 memorantur,
1254 4477 1307 4561 qui
