3200 5525
796 722 862 786 104

337 905 422 984 ulios,
456 926 584 990 qnorum
603 906 805 1001 ‘testimoniis
836 905 873 969 de
901 926 1010 992 genere
1037 908 1102 991 ejus
1120 907 1315 995 moribusque

337 1043 532 1108 exponamus,
551 1043 688 1105 quaeque
704 1044 751 1085 res
770 1025 874 1107 gestae
898 1019 956 1083 viri
981 1042 1017 1085 ac
1036 1020 1098 1085 fata
1117 1022 1233 1087 fuerint
1255 1028 1313 1109 (l).

380 1136 483 1199 Natus
513 1135 610 1221 igitur
641 1134 804 1213 Vulsiniis,
825 1134 859 1197 in
880 1132 953 1197 urbe
977 1134 1119 1201 Etruriae
1145 1139 1203 1223 (2),
1226 1144 1311 1224 patre

335 1250 417 1315 Srro
447 1250 635 1329 ausinora,
669 1250 770 1335 equite
793 1249 943 1325 Romano,
960 1249 1024 1333 jam
1048 1249 1086 1314 ab
1108 1250 1314 1317 adolescentia

335 1364 423 1429 malis
442 1363 502 1427 fuit
523 1363 667 1442 moribus,
677 1364 789 1450 quippe
801 1363 854 1447 qni
867 1366 955 1439 esset,
967 1366 1043 1427 teste
1056 1362 1167 1428 Dronn
1180 1365 1313 1444 Onssro,

333 1491 457 1547 παιδικά
477 1490 599 1563 Μάρκου
617 1488 732 1561 Fadius
753 1491 900 1562 Ἀπικίου,
924 1475 1006 1558 quod
1030 1475 1110 1540 idem
1129 1478 1225 1542 tradit
1245 1480 1311 1544 ΤΔ·

333 1612 428 1657 cruus
464 1591 590 1655 addens:
630 1595 679 1654 net
705 1590 803 1676 prima
831 1591 959 1674 juventa
982 1592 1017 1656 Ο.
1041 1593 1224 1659 Cursuaun
1245 1597 1309 1662 divi

333 1710 507 1772 nAucusrr
527 1710 666 1790 nepotem
680 1707 849 1772 sectatus.''
875 1706 960 1771 Idem
974 1709 1105 1794 scriptor
1116 1710 1172 1778 h.l.
1186 1713 1309 1778 Surum

332 1845 430 1887 mores
461 1822 517 1885 tali
550 1821 639 1885 modo
664 1820 817 1906 depingit:
843 1821 981 1907 rCorpus
999 1824 1046 1887 ilii
1071 1824 1207 1891 laborum
1231 1828 1310 1894 tole-

333 1958 432 2014 nrans
455 1936 574 1999 animus
594 1934 706 2011 andax3
730 1934 777 1997 sni
802 1934 956 2021 obtegens,
978 1937 1011 1999 iu
1032 1939 1107 2002 alios
1120 1940 1306 2007 criminator:

332 2053 439 2135 njuxta
470 2050 605 2114 adulatio
630 2054 660 2113 et
687 2049 843 2134 snperbia:
867 2050 967 2134 palam
991 2054 1176 2137 compositus
1200 2056 1334 2141 pudor‚'

332 2166 436 2229 cintus
461 2186 577 2228 summa
601 2162 755 2248 apiscendi
780 2162 876 2227 iibido
896 2165 1020 2249 ejusque
1044 2189 1135 2231 causa
1146 2170 1236 2233 modo
1248 2171 1309 2235 lar-

331 2278 429 2365 agitio
457 2282 488 2341 et
522 2277 623 2354 luxus,
655 2277 775 2362 saepius
799 2277 951 2341 industria
975 2302 1011 2342 ac
1034 2280 1202 2367 vigilantia,
1224 2282 1307 2348 haud

331 2394 452 2459 ominus
472 2393 588 2471 noxiae,
611 2393 752 2478 quotiens
776 2393 911 2479 parando
936 2416 1029 2480 reguo
1050 2398 1233 2483 fingantur.”
1247 2400 1307 2464 Ni-

329 2509 391 2575 mio
427 2514 527 2573 autem
560 2507 684 2572 honoris
714 2508 816 2571 studio
841 2508 992 2572 adductus
1016 2510 1153 2575 Traron
1176 2514 1305 2599 impera-

328 2625 405 2688 toris
428 2625 529 2689 favore
553 2646 627 2687 usus
648 2628 694 2687 est
718 2623 756 2686 ad
781 2624 941 2686 maximam
954 2626 1163 2694 anctoritatem
1182 2628 1239 2693 sibi
1253 2652 1305 2692 ac·

328 2738 514 2824 quirendam,
537 2760 596 2822 qua
621 2736 657 2801 de
677 2758 709 2801 re
726 2736 858 2823 legimus
875 2737 955 2822 apud
980 2737 1304 2807 horrentium

328 2853 523 2918 nTrnnarun
550 2852 642 2917 variis
677 2851 794 2916 artibus
818 2851 956 2916 devinxit
975 2853 1059 2930 adeo,
1081 2859 1116 2918 ut
1140 2857 1302 2923 obscurum

329 2969 508 3033 cadversum
528 2968 613 3045 alios,
631 2967 688 3032 sibi
701 2967 756 3030 nni
769 2968 928 3031 incautum
940 2967 1149 3054 intectumque
1160 2974 1303 3050 efficeret,

329 3105 412 3147 anon
447 3088 510 3147 tam
539 3082 683 3157 sollertia,
707 3081 831 3166 (quippe
850 3080 958 3143 iisdem
983 3082 1099 3146 artibus
1123 3084 1222 3148 victus
1243 3092 1303 3173 est)

330 3221 441 3283 nquam
475 3199 573 3261 Deum
606 3197 651 3258 ira
671 3195 703 3258 in
728 3217 790 3258 rem
815 3195 993 3270 Romanam,
1017 3196 1103 3278 cujus
1123 3197 1187 3280 pari
1204 3201 1305 3264 exitio

329 3312 448 3397 nviguit
469 3306 668 3390 ceciditque.’'
715 3306 812 3368 Initio
829 3311 939 3382 tamen,
963 3305 1058 3370 donec
1076 3307 1222 3387 Densus,
1246 3311 1304 3376 ΤΙ-

327 3442 421 3489 rmurr
445 3422 536 3496 filius,
561 3419 646 3497 vixit,
669 3441 757 3502 quem
781 3419 916 3495 timebat,
938 3420 1147 3506 imperatorem
1168 3447 1230 3488 non
1254 3427 1303 3490 iu-

327 3537 433 3602 citavit
469 3536 506 3599 ad
543 3534 708 3611 saevitiam,
731 3535 817 3618 cujus
837 3534 881 3598 rei
902 3557 1022 3600 cansam
1047 3540 1133 3601 affert
1153 3538 1302 3603 Tncrrus

324 3653 439 3716 Annei.
463 3651 547 3715 Libr.
559 3649 617 3727 IV,
641 3671 705 3735 cap.
727 3649 807 3713 VII:
832 3651 924 3734 aquia
947 3652 1113 3737 incipiente
1133 3653 1299 3739 adhucpo-

326 3842 333 3850 ,
377 3843 386 3848 .
392 3837 526 3848 ..Λ-...φα

276 3938 280 3947 “
359 3943 399 4009 (1)
420 3942 471 3992 vid.
499 3940 540 3989 Oro
567 3937 665 3989 Cassios
690 3937 754 3986 Libe.
781 3936 847 3993 ivri,
871 3951 924 4000 pag.
942 3936 993 3986 616
1012 3935 1040 3986 Β.
1057 3947 1080 3987 er
1098 3939 1196 3989 Tamus
1213 3941 1297 3990 Am,

322 4037 388 4087 libr.
407 4036 443 4092 w,
460 4049 511 4097 cap.
531 4034 550 4082 Ι.

359 4125 400 4190 (2)
420 4125 484 4173 Hauc
497 4123 528 4170 cb
545 4134 595 4169 rem
613 4119 753 4168 aternius
771 4119 819 4167 Sat.
834 4113 857 4165 X
872 4131 907 4165 vs.
923 4115 957 4166 74
977 4116 1062 4168 Tuscae
1078 4127 1185 4169 vocatur.
1204 4121 1298 4184 becjus

322 4230 405 4281 genere
421 4214 467 4263 rid.
480 4211 585 4276 inprimis
602 4210 714 4259 vecturus
737 4210 881 4257 tmcrcums
899 4208 962 4256 Libr.
981 4208 1009 4264 ΙΙ,
1024 4223 1078 4273 cap.
1097 4212 1207 4260 CXXVli:
1221 4233 1292 4261 ·...,

322 4306 439 4358 ‚Seianus
465 4303 561 4357 durrus.
585 4299 686 4362 principe
706 4298 821 4361 equestris
835 4296 924 4346 ordinis
941 4304 1110 4361 patronatum,
1127 4309 1231 4351 materno
1246 4316 1299 4351 vero

321 4410 413 4461 genere
430 4391 572 4442 clarissimos
588 4396 722 4452 veteresque
739 4393 762 4436 et
781 4386 882 4448 insignes
899 4387 1300 4453 honoribuseomplerumfamilias,

321 4488 453 4539 »bubonum
467 4480 598 4532 consulares
615 4480 703 4533 tratres.
719 4477 878 4534 consobrinos,
890 4477 1039 4534 avunculum,
1054 4479 1129 4544 ipsum
1148 4495 1202 4530 vero
1218 4486 1282 4529 σου
