3200 5525
738 710 804 770 163

287 912 342 956 nae
374 893 461 970 servi,
484 895 610 977 patrono
631 890 679 955 vel
699 889 823 953 domino
846 910 939 973 quum
960 910 1057 967 voees,
1079 910 1172 973 quum
1196 912 1260 955 ma-

287 1030 364 1072 nnus
387 1008 583 1083 intentarent,
606 1005 687 1069 ultro
710 1002 953 1068 metuebantur.‘’
1025 1005 1028 1009 ’
1219 1006 1222 1014 ’

332 1122 402 1186 Jam
424 1143 493 1185 vero
513 1120 550 1184 de
571 1118 700 1205 singulis
719 1118 935 1205 imperatorum
957 1117 1077 1183 libertis
1096 1117 1261 1197 videamus,

282 1259 412 1321 quorum
432 1235 611 1299 nominadn
634 1232 744 1316 Satiris
766 1233 973 1298 inveniuntur.

331 1351 459 1414 Initium
484 1351 579 1437 igitur
601 1348 776 1412 faeiamusa
798 1348 922 1413 chruo
946 1370 969 1411 s.
993 1346 1138 1425 chrmo,
1161 1346 1261 1432 quint

285 1465 440 1551 praedives
461 1464 578 1527 duobus
601 1463 711 1527 looisa
732 1462 913 1527 Juvrunnn
935 1462 1105 1541 inducitur3
1130 1462 1260 1551 legimus

282 1581 364 1682 enim
389 1582 451 1644 Sat.
475 1581 503 1658 I,
526 1602 569 1644 vs.
595 1582 669 1643 102:

564 1825 725 1845 ......
746 1802 802 1865 ego
823 1783 960 1870 possideo
981 1786 1048 1862 plus

405 1890 543 1949 Pallante
559 1893 591 1949 et
610 1887 747 1947 Licinis?

282 2057 314 2115 et
335 2054 398 2117 Sat.
421 2051 512 2131 XIV,
535 2075 577 2117 vs.
605 2054 669 2116 305
699 2073 762 2135 sqq.
797 2118 799 2123 ,

401 2232 562 2310 Dispositis
582 2230 739 2309 praedives
759 2230 836 2289 amis
853 2230 979 2305 vigilare
1007 2228 1156 2293 eohortem

402 2352 552 2396 servorum
569 2339 659 2396 nootu
677 2334 801 2395 Lioinus
814 2333 910 2412 jubet,
930 2333 1075 2394 attonitus
1091 2352 1146 2412 pro
1254 2390 1256 2394 .

320 2506 322 2509 .
403 2440 512 2502 eleotro
532 2437 684 2515 signisque
704 2437 768 2497 suis
790 2440 847 2498 oet.

325 2611 374 2676 De
394 2633 524 2695 quonam
544 2614 644 2674 autem
666 2609 789 2673 chrno
809 2607 858 2672 his
877 2603 954 2672 loeis
977 2630 1075 2673 sermo
1087 2609 1128 2673 sit
1140 2601 1258 2674 dissenss

280 2720 726 2811 tiuntinterpretes,*qu01um
747 2728 820 2787 sunt
842 2723 906 2808 qui,
930 2726 965 2788 ut
981 2721 1207 2814 Orsnunonus
1219 2715 1258 2789 ad

281 2839 436 2904 Punsruu
454 2833 500 2917 H,
524 2843 580 2918 36,
603 2839 780 2904 existiment
803 2838 854 2930 agi
874 2839 911 2903 de
934 2839 1071 2903 Lrornro
1093 2835 1257 2921 Sronou'n,

280 2963 365 3044 patre
385 2961 416 3022 et
443 2956 516 3034 filio,
539 2951 766 3042 praedivitibus.
813 2936 878 3020 Alii
896 2959 1004 3019 eontra
1023 2959 1133 3041 putant
1151 2943 1257 3021 lninss

279 3093 395 3135 nanum
417 3070 554 3135 indicare
573 3071 734 3148 hernon,
753 3059 908 3133 Aueusrr
928 3067 1079 3146 libertum,
1091 3067 1143 3132 alii
1155 3058 1257 3134 autem

278 3209 348 3250 cum
364 3185 535 3250 Scholiasta
555 3185 702 3249 Onniton
727 3182 876 3268 quendam
900 3182 1044 3247 libertum
1067 3183 1256 3271 intelligunt.

279 3300 477 3366 Ousnuaonr
512 3300 664 3366 sententia
684 3322 746 3364 non
770 3300 847 3364 satis
871 3293 968 3364 firmis
992 3293 1179 3388 argumentis
1198 3302 1256 3386 nit'

277 3414 353 3480 mihi
374 3415 518 3508 ¹videtur,
553 3439 644 3500 quare
678 3416 715 3481 de
736 3415 849 3481 liberto
874 3417 976 3502 potius
1001 3431 1168 3482 sermonem
1191 3413 1258 3501 esse

279 3531 405 3622 accipio,
428 3531 568 3617 inprimis
591 3531 663 3614 quia
686 3553 835 3595 unacum
855 3531 1037 3595 Prunanrn
1061 3533 1126 3617 ejus
1144 3521 1256 3600 nomeu
1353 3558 1368 3586 1

280 3643 441 3729 profertur,
475 3644 528 3727 qui
553 3642 730 3706 notissimus
747 3642 895 3708 Crmunrr
915 3644 1042 3708 libertus
1058 3636 1131 3709 erat}
1176 3634 1255 3713 Inde

277 3762 379 3822 tamen
402 3780 465 3822 non
483 3757 652 3822 necessario
665 3757 801 3842 seqnitur
812 3757 965 3824 Lroruun
977 3780 1096 3843 quoque
1108 3749 1256 3827 Gnidon

280 3871 424 3937 libertum
459 3872 694 3959 intelligendum
726 3872 808 3950 esso,
832 3872 913 3956 quod
941 3873 967 3936 si
1003 3873 1048 3937 ita
1072 3895 1103 3938 so
1127 3873 1259 3954 haberet,

279 3988 375 4052 multo
396 3987 518 4073 quidem
542 3986 643 4051 minus
667 3991 759 4051 notus
779 3990 858 4052 esset
870 4010 959 4071 quam
971 3979 1106 4052 Pinnas
1117 3975 1256 4054 et'Nrn-

278 4119 400 4178 cissos,
436 4123 562 4185 quorum
588 4101 766 4188 pervulgata
787 4105 870 4165 sunt
883 4101 1014 4165 nomina.
1061 4103 1102 4166 Iu
1125 4103 1257 4170 Soholiis

279 4217 432 4280 Aususrr
445 4219 475 4279 et
500 4215 648 4280 Cunnum
667 4214 796 4279 libertus
820 4215 1030 4301 confunditur,
1052 4239 1147 4307 quum
1165 4219 1255 4284 initio

279 4329 396 4396 Scholii
421 4352 489 4396 oum
518 4330 699 4395 Paunrurn
720 4329 868 4394 Onaunn
893 4329 1020 4395 libertus
1044 4337 1179 4412 vocetur,
1201 4336 1257 4401 sed

279 4447 363 4515 brevi
388 4451 458 4535 post
481 4449 636 4513 Ansnsrr
659 4446 708 4513 vel
733 4446 836 4532 potius
856 4445 1257 4532 o.Jm110msm1s‚qui

1047 4566 1116 4628 1Ιῆ
1198 4571 1202 4580 “
