3200 5525
807 721 849 784 la

342 894 489 964 deducere
514 905 568 965 aut
599 903 731 969 salutare
755 908 809 970 aut
828 903 979 991 prosequi,
1003 903 1123 991 saepius
1141 903 1181 969 ad
1204 904 1317 970 amicos

339 1012 366 1076 ei
392 1016 608 1081 recurrendum
632 1040 706 1098 esse,
728 1018 809 1084 siin
833 1019 957 1108 aliquod
980 1018 1137 1106 negotium
1161 1018 1315 1099 inciderit

339 1128 364 1191 si
389 1151 500 1216 magno
521 1152 589 1195 cum
611 1131 713 1198 labore
748 1155 870 1198 carmen
893 1133 1115 1220 composuerit,
1138 1155 1208 1198 cum
1231 1156 1316 1221 mag-

338 1244 388 1310 nis
416 1246 480 1312 suis
502 1247 649 1335 impensis
672 1251 724 1316 vix
745 1273 815 1316 eum
835 1250 961 1329 efficere,
984 1254 1019 1315 ut
1054 1272 1154 1315 coram
1182 1249 1316 1314 nonnul·

337 1358 378 1424 lis
394 1360 585 1429 auditoribus
604 1363 663 1429 boo
683 1366 800 1444 recitet,
823 1386 880 1429 nec
900 1364 998 1428 ullum
1017 1364 1090 1428 inde
1109 1364 1245 1429 fructum
1266 1387 1315 1429 ca-

338 1496 408 1560 pere
436 1475 496 1541 nisi
532 1477 653 1544 laudem
688 1502 741 1566 per
769 1480 859 1544 breve
882 1478 1027 1564 temporis
1047 1478 1188 1565 spatium.
1234 1478 1317 1544 Mira

338 1592 440 1653 tamen
465 1594 495 1654 et
519 1591 629 1656 eximia
649 1592 816 1659 liberalitas
839 1592 1061 1659 Vnsrasrsm
1094 1594 1141 1681 (1)
1166 1593 1321 1673 laudatur,

339 1704 420 1791 quod
456 1705 593 1772 Sammo
616 1707 734 1776 Basso
770 1708 938 1797 quingenta
975 1708 1113 1773 sestertia
1145 1709 1312 1777 donaverit.

340 1821 461 1887 Deinde
481 1825 574 1889 Arna
598 1826 698 1913 pergil
719 1823 924 1892 enumerando
947 1827 1107 1909 poetarum
1119 1823 1273 1888 molestias
1285 1828 1316 1887 et

342 1938 545 2020 difficultates,
580 1942 662 2029 quod
690 1947 796 2029 poetae
824 1938 921 2004 multo
944 1937 1048 2002 minus
1068 1960 1158 2027 quarn
1183 1942 1317 2003 oratores

339 2052 455 2119 Romae
486 2055 560 2120 olari
581 2056 653 2134 sint,
675 2058 786 2122 nedum
811 2056 845 2119 in
863 2021 1039 2141 plovinciis
1085 2052 1192 2139 Pergit
1214 2059 1315 2119 autem

341 2189 406 2254 cap.
430 2168 475 2233 X:
509 2170 769 2259 nquotusqnisque
802 2190 871 2236 cum
904 2190 942 2233 ex
973 2165 1125 2253 Hispania
1159 2167 1208 2232 vel
1232 2168 1317 2246 Asia,

342 2304 401 2347 ano
429 2282 503 2371 quid
541 2284 577 2349 de
610 2284 709 2350 Gallis
740 2283 855 2350 nostris
890 2282 1006 2370 loquar,
1040 2280 1074 2345 in
1099 2280 1204 2346 urbem
1224 2282 1317 2360 venit,

343 2396 529 2464 rSanan
549 2398 695 2466 Bassum
720 2398 867 2490 requirit!
893 2403 984 2486 atquc
1005 2396 1080 2462 adeo
1092 2395 1118 2460 si
1130 2396 1200 2484 quis
1216 2397 1316 2485 requi·

343 2512 413 2592 urit,
435 2517 471 2578 ut
487 2515 579 2579 semel
599 2516 687 2595 vidit,
709 2516 821 2580 transit
845 2517 876 2578 et
896 2517 1059 2577 contentus
1075 2515 1131 2591 est,
1154 2517 1189 2576 ut
1213 2510 1238 2576 si
1249 2510 1316 2597 pic-

344 2633 461 2693 rturam
482 2629 613 2717 aliquam
635 2631 683 2695 vel
702 2636 834 2696 statuam
855 2626 1015 2695 vidisset.W
1062 2626 1155 2699 Quod
1179 2626 1316 2691 testimo-

340 2743 427 2809 nium
451 2744 488 2810 de
511 2745 611 2832 poetis
634 2746 777 2812 universe
792 2754 823 2813 et
843 2746 880 2812 de
899 2744 968 2832 ipso
987 2742 1103 2810 Basso
1128 2765 1222 2832 quum
1242 2764 1315 2807 con-

340 2859 443 2924 venire
471 2859 629 2927 rideamus
661 2884 730 2928 oum
762 2862 969 2929 Juvnunnrs
1001 2860 1111 2940 verbis,
1133 2859 1206 2926 hinc
1227 2859 1316 2925 facile

341 2975 538 3066 consequitur
569 2978 716 3065 optimum
741 2978 862 3066 quidem
883 2983 1003 3064 poetam
1020 2977 1073 3043 sed
1092 2976 1315 3062 pauperrimum

337 3115 406 3158 eum
425 3080 538 3158 fuisse,

386 3208 531 3272 Nominis
562 3208 668 3274 BAsSI
700 3228 786 3292 saepe
807 3206 990 3272 mentionem
1019 3205 1083 3270 fieri
1103 3203 1258 3284 videmus,
1281 3226 1316 3268 ao

339 3323 442 3408 plures
462 3321 584 3410 quidem
608 3321 745 3390 Bassos
769 3322 887 3386 Romae
911 3319 1032 3399 vixisse,
1054 3318 1194 3384 doctrina
1212 3318 1315 3385 litera-

341 3460 468 3525 rumque
501 3437 612 3502 studiis
642 3436 860 3517 memorabiles,
890 3435 1034 3500 docemur
1065 3433 1316 3500 anormrmo

342 3554 363 3619 l.
386 3554 408 3622 1.
434 3577 501 3641 pag.
535 3556 601 3618 139
626 3576 707 3643 sqq,
736 3553 830 3642 Apud
857 3550 1087 3617 Maarrunnm
1110 3570 1230 3637 quoque
1252 3571 1315 3614 non

341 3692 403 3737 uno
427 3671 495 3736 loco
519 3669 597 3736 illud
617 3692 728 3736 nomen
759 3670 881 3758 legitur,
904 3687 961 3730 nec
984 3686 1117 3752 unquam
1140 3668 1242 3728 tamen
1264 3661 1316 3728 bic

341 3785 496 3853 Sannum
530 3785 667 3852 Bassus
690 3784 783 3850 abeo
814 3780 980 3870 significari
1000 3781 1137 3859 videtur,
1159 3777 1212 3843 sed
1231 3777 1316 3845 Libr.

341 3899 376 3969 V
396 3905 439 3968 53
460 3902 525 3991 agit
545 3902 582 3968 do
603 3901 682 3967 malo
702 3906 790 3988 poeta
810 3898 942 3986 tragic03
965 3897 1034 3962 aliis
1050 3896 1136 3972 locis,
1148 3894 1315 3960 secundum

342 4019 524 4084 sententiam
543 4019 772 4096 aaronem,
793 4017 902 4083 Bassl
920 4037 1031 4080 nomen
1043 4013 1224 4102 appellative
1236 4013 1314 4079 acci·

340 4131 484 4220 piendum
495 4133 551 4210 est,
570 4136 606 4197 ut
625 4130 706 4218 apud
730 4129 935 4199 Honn'rmm
953 4130 1023 4197 Lib.
1042 4131 1062 4194 I
1084 4130 1144 4195 Od.
1166 4127 1315 4215 XXXVI

341 4271 386 4315 vs.
415 4252 459 4314 14
494 4249 531 4313 ad
568 4261 733 4338 ζωροπότην
763 4246 971 4312 indicandum.
1018 4246 1079 4312 Sed
1102 4245 1259 4312 redeamus
1278 4241 1316 4306 ad

339 4364 536 4455 propositum.

333 4484 634 4571 Wll'nrcunar
648 4501 666 4552 Ι.
686 4500 703 4550 l.
722 4513 775 4564 pag.
795 4498 852 4551 145.
