3200 5525
790 714 832 775 31

320 896 372 983 qui
391 896 485 963 libros
502 892 657 982 scripserit
682 893 719 957 de
739 914 771 957 re
795 892 920 971 medica,
943 897 997 957 aut
1021 892 1058 957 de
1083 896 1215 960 naturali
1227 896 1289 962 his·

319 1014 406 1078 toria.
451 1011 565 1077 Utrum
589 1012 690 1074 autem
721 1006 773 1073 hic
796 1007 878 1074 idem
898 1008 994 1074 sitae
1018 1014 1131 1091 noster,
1154 1034 1194 1075 an
1215 1012 1294 1078 alius

318 1127 453 1215 ejusdem
484 1126 627 1205 nominis,
661 1125 756 1190 nullis
792 1123 884 1190 certis
923 1123 1047 1191 indiciis
1081 1128 1293 1193 confirmatum

319 1242 453 1310 invenio.

365 1472 436 1539 Jam
449 1471 486 1537 de
510 1471 669 1537 Puros1u1
688 1468 819 1558 legimus
838 1471 902 1535 Sat.
926 1471 976 1535 VI
1000 1494 1043 1536 vs.
1070 1475 1146 1536 581:

397 1680 500 1756 Aegra
518 1680 589 1741 licet
601 1678 712 1757 jaceat,
734 1677 878 1756 capiendo
892 1678 976 1737 nulla
995 1678 1114 1739 videtur

398 1783 495 1862 aptior
515 1782 589 1842 hora
610 1781 685 1859 cibo,
705 1780 764 1839 nisi
785 1797 874 1856 quam
903 1778 1018 1841 dederit
1037 1780 1191 1843 Petosiris.

363 1974 521 2061 Equibus
545 1972 682 2038 versibus
705 1994 768 2036 non
789 1977 909 2036 constat
930 1995 991 2059 quo
1018 1981 1153 2061 tempore
1177 1977 1292 2042 vixerit

317 2090 507 2155 Purosrars:
542 2111 629 2173 quem
658 2088 796 2173 quamvis
824 2087 846 2149 J
848 2106 1015 2151 uvuuaurs
1050 2090 1204 2173 aequalem
1229 2116 1292 2156 non

316 2204 409 2269 fuisse
436 2204 516 2267 infra
536 2202 742 2267 demonstrare
767 2202 825 2267 sim
849 2208 1023 2283 conaturus,
1046 2206 1076 2270 h.
1092 2208 1112 2271 l.
1132 2213 1234 2273 tamen
1254 2210 1291 2274 de

315 2342 350 2385 eo
382 2342 469 2407 agere
505 2318 578 2383 mihi
604 2320 703 2384 visum
728 2322 783 2397 est,
807 2320 878 2405 quia
901 2325 1020 2406 praeter
1051 2321 1291 2389 Tflursuuuurr

314 2459 393 2501 unus
409 2436 462 2500 ille
481 2433 712 2500 mathematicus
725 2438 771 2497 est
787 2434 851 2499 sive
867 2434 1048 2520 astrologus,
1070 2436 1158 2521 cujus
1181 2438 1215 2500 in
1236 2439 1292 2502 Sa·

314 2553 384 2617 tiris
401 2552 516 2617 mentio
540 2553 584 2615 fit.
630 2552 681 2615 Ita
700 2555 745 2628 ut,
768 2550 829 2613 nisi
850 2571 920 2613 cum
943 2549 997 2613 illo
1017 2548 1100 2615 huuc
1124 2553 1290 2639 conjunge-

314 2672 462 2745 rem,tota
475 2664 584 2729 deinde
599 2664 673 2729 huic
689 2664 745 2727 uni
765 2663 971 2749 paragraphus
990 2663 1120 2727 dicanda
1138 2666 1226 2729 foret.
1249 2667 1290 2731 In

315 2782 439 2847 scholiis
451 2781 629 2844 Puros1u1s
654 2779 751 2842 ualter
763 2773 871 2842 auctor
890 2778 964 2842 artis
977 2778 1225 2845 mathematices”
1242 2779 1290 2845 di-

314 2897 404 2961 citur.
427 2894 519 2968 Quod
542 2896 643 2958 autem
666 2891 857 2956 Juvuurms
880 2890 929 2954 his
940 2891 1078 2956 versibus
1091 2895 1197 2979 carpit,
1207 2895 1288 2959 idem

313 3009 427 3098 legitur
445 3009 537 3074 etiam
559 3006 640 3094 apud
657 3006 813 3072 Purururr
824 3005 911 3070 Huc.
934 3006 1012 3071 Nat.
1023 3008 1092 3072 Lib.
1116 3008 1242 3086 XXIX,
1265 3033 1288 3073 s.
1380 3071 1384 3075 .

314 3126 432 3209 5§9:
453 3149 472 3184 ι
475 3172 562 3188 .....
587 3143 656 3184 cum
675 3117 807 3186 (laruas
826 3118 1030 3184 Massiliensis
1046 3126 1110 3185 arte
1127 3121 1290 3208 geminata,
1351 3137 1353 3140 “

313 3242 370 3302 aut
381 3237 500 3303 cautior
518 3235 758 3323 religiosiorque‚
781 3235 819 3299 ad
839 3234 973 3301 siderum
992 3240 1093 3300 motus
1105 3236 1288 3324 exepheme·

313 3351 399 3416 aride
410 3351 622 3415 mathematica
635 3351 719 3415 cibos
743 3349 843 3414 dando
856 3349 1004 3436 horasque
1016 3351 1203 3419 observando
1215 3377 1288 3418 aue-

313 3469 457 3534 atoritate
469 3490 537 3534 eum
550 3467 713 3552 praecessit
726 3464 806 3530 eet.”
829 3465 938 3530 Eidem
952 3467 1001 3530 oui
1011 3468 1150 3533 umaro
1158 3469 1217 3533 arti
1224 3467 1287 3534 Pu·
1365 3496 1367 3500 ¹

311 3603 446 3650 rosnaru
467 3583 604 3647 deditum
624 3582 727 3659 fuisse,
748 3581 838 3645 facile
862 3583 1045 3646 concedetur
1067 3583 1144 3647 locis
1168 3583 1286 3650 Purun

310 3703 341 3764 et
364 3698 386 3762 J
388 3717 558 3764 uvuuaurs
579 3695 708 3775 collatis,
729 3694 763 3758 iu
787 3694 899 3779 quibus
915 3695 1018 3759 eadem
1038 3695 1285 3767 fersnarrantur.

310 3812 489 3879 Purosrurs
513 3813 631 3887 autem,
654 3815 689 3874 ut
712 3831 750 3874 ex
765 3809 862 3874 forma
882 3808 1016 3873 nominis
1035 3808 1207 3889 conficitur,
1225 3813 1286 3877 Ae·

310 3926 435 4012 gyptius
465 3925 535 4003 fuit,
557 3925 751 4009 quodetiam
775 3923 923 4010 suspicari
946 3923 1020 3990 licet
1044 3947 1082 3989 ex
1104 3926 1285 3992 Arflsuael

309 4042 377 4107 loco
397 4039 509 4105 eIrlbr.
528 4041 592 4119 ῙΠ,
610 4044 651 4105 81
664 4039 718 4105 ubl
731 4039 816 4103 dicii:
828 4053 991 4128 Αἰγύπτιοι
1002 4047 1034 4108 δὲ
1052 4053 1104 4108 τόν
1115 4052 1287 4117 ὑποξίζοντοι

309 4159 399 4236 ἄρτον
412 4159 569 4216 κυλλάστιν
590 4160 739 4215 καλοῦσιν.
749 4158 925 4230 μνημονεύει
936 4154 1059 4213 δὀὐτοῦ
1072 4158 1286 4233 Ἀριστοφάνης

309 4265 339 4320 ἐν
362 4260 508 4320 Auadioi:

391 4469 510 4527 καὶτὸν
531 4466 688 4524 κυλλάστιν
708 4463 833 4543 φθέγγου
855 4468 904 4520 καὶ
927 4464 978 4521 τὸν
998 4464 1168 4537 Πετόσιριν.
