3200 5525
819 713 884 775 174

302 859 309 874 .
361 920 414 962 nes
434 898 466 961 in
487 897 721 960 AGRIPPUUAM
746 892 881 977 aliosque
906 892 1149 958 continebantur.
1196 897 1249 961 sie
1277 899 1338 986 igi·

359 1019 410 1076 tur
442 1010 531 1096 pariit
555 1009 774 1079 Nchrssus,
798 1008 886 1092 cnjus
918 1030 989 1093 opes
1013 1013 1055 1071 et·
1072 1010 1240 1094 potentiam
1261 1012 1336 1081 Dio

360 1126 508 1191 CASSIUS
541 1125 560 1187 l·
584 1123 604 1186 l.
626 1120 685 1186 hoc
709 1120 798 1185 modo
824 1120 983 1185 describit:
1010 1135 1197 1206 „inaudisse
1229 1135 1261 1195 δὲ
1286 1145 1337 1196 καὶ

361 1243 471 1313 „nitor
503 1240 541 1315 τῷ
562 1238 716 1314 Κλαυδίῳ,
748 1237 887 1315 μέγιστον
910 1240 966 1294 τῶν
985 1234 1055 1295 ποτὲ
1077 1238 1233 1314 ἀνθρώπων
1252 1242 1336 1315 δυνη-

361 1348 440 1420 „osis
460 1345 604 1421 μυριάδας
625 1365 655 1399 τε
675 1344 728 1419 γάρ
746 1344 865 1407 πλείους
892 1348 1002 1419 μυρίων
1018 1337 1090 1413 εἶχε,
1113 1348 1161 1399 καὶ
1183 1358 1337 1422 προςεῖχον

359 1452 439 1526 αὐτῷ
459 1453 562 1513 πόλεις
587 1453 635 1504 καὶ
656 1442 820 1520 donatote?

405 1552 509 1636 Hujus
533 1551 707 1615 NARCISSI
732 1548 779 1633 (l)
794 1547 1005 1612 admiratorem
1018 1548 1111 1612 foisse
1125 1548 1336 1620 VITELLIUM

356 1666 486 1752 legimus
521 1664 602 1749 apud
637 1663 851 1729 SUUTUMUM
887 1663 921 1727 in
944 1664 1011 1728 viia
1037 1664 1170 1743 Vitatur}
1192 1688 1256 1753 cap.
1280 1670 1334 1735 11:

358 1781 553 1846 immerso
577 1800 696 1862 quoque
712 1782 743 1841 et
758 1776 969 1849 Pinnnsns
991 1778 1139 1865 imagines
1159 1803 1264 1847 aureas
1284 1784 1336 1848 in·

357 1899 423 1959 iter
442 1896 536 1959 Lares
560 1891 687 1958 coluit.”
711 1891 761 1957 Ad
782 1892 957 1959 NARcrsm
981 1899 1108 1960 mortem
1125 1895 1236 1964 alludit
1255 1920 1335 1982 quo-

354 2035 413 2095 que
437 2012 578 2078 SRURUA
598 2011 633 2075 in
664 2010 935 2095 Apoeoioeyniboai
961 2011 1088 2074 Claudii
1103 2033 1171 2097 pag.
1196 2014 1261 2076 833
1283 2012 1334 2078 his

354 2125 469 2191 verbis:
494 2128 727 2194 nAnteoesserat
746 2125 812 2209 jam
831 2123 1055 2209 compendiaria
1078 2126 1127 2191 via
1156 2127 1204 2214 (2)
1228 2128 1333 2195 NAR-

354 2258 488 2306 ucIRSUs
504 2239 632 2303 libertus
662 2238 700 2302 ad
724 2242 885 2323 patronum
908 2237 1121 2324 excipiendum
1145 2245 1176 2304 et
1195 2242 1333 2309 venienti

353 2353 507 2432 finitimis,
529 2357 565 2417 ut
588 2356 653 2416 erat
670 2375 687 2415 a
706 2350 836 2428 balineo,
859 2350 1004 2429 occurrit,
1027 2357 1058 2417 et
1081 2354 1141 2418 ait:
1164 2354 1251 2427 Quid
1275 2356 1331 2422 Dii

353 2468 411 2533 aad
439 2466 597 2532 homines?
634 2466 780 2545 Celerius,
802 2466 906 2551 inquit
928 2467 1153 2547 MERCURIUS,
1175 2475 1207 2534 et
1226 2473 1332 2537 venire

353 2606 428 2647 anos
448 2582 566 2648 nuntia.
612 2582 670 2646 Ille
703 2586 804 2646 antem
833 2586 961 2667 patrono
981 2582 1070 2667 plura
1090 2582 1223 2648 blandiri
1245 2586 1331 2652 vole·

353 2698 433 2765 ibat.
480 2697 581 2770 Quem
613 2697 829 2764 MERCURIUS
858 2698 968 2762 iterum
1000 2698 1144 2771 festinare
1170 2700 1274 2786 jussit,
1296 2709 1329 2770 et

351 2814 458 2900 uvirga
488 2817 655 2878 morantem
688 2812 820 2899 impulit.
874 2812 967 2877 Dicto
1004 2813 1096 2879 eitius
1121 2816 1328 2886 NARcrssus

354 2925 501 2995 nevolatff'

394 3158 541 3224 Prinos
570 3157 632 3220 sat.
668 3157 695 3234 Ι,
726 3179 769 3221 vs.
795 3160 861 3220 109
887 3180 1037 3223 unacum
1063 3159 1194 3226 Lrorrro
1213 3183 1327 3229 memo·

347 3277 441 3350 ratur,
465 3271 625 3337 CLAUDII
645 3269 782 3348 libertus,
807 3270 923 3334 divitiis
941 3277 972 3336 et
990 3274 1128 3358 potentia
1139 3276 1326 3344 NARUIUUO

346 3409 408 3450 non
432 3385 566 3449 inferior.
590 3385 748 3449 CLAUDII
772 3388 874 3448 antem
898 3385 999 3450 favore
1024 3409 1090 3452 enm
1105 3411 1326 3474 quoqueusum

346 3522 411 3564 esse
430 3498 526 3562 tradit
550 3498 709 3565 TAchs
732 3501 847 3563 Annei.
869 3498 954 3565 Libr.
966 3500 1027 3582 XI,
1050 3524 1114 3589 cap.
1126 3502 1252 3584 XXIX,
1262 3529 1325 3590 qno

346 3614 413 3678 loeo
433 3635 587 3700 exponens
599 3613 833 3679 deliberationes
845 3614 1025 3683 libertorum
1039 3617 1075 3682 de
1087 3618 1325 3687 Messanrrrnm

345 3733 376 3793 et
396 3730 489 3796 Sion
524 3728 650 3816 nuptiis,
684 3729 723 3794 ad
748 3729 958 3798 PAULAUris
987 3753 1098 3795 nomen
1121 3731 1196 3794 talia
1220 3732 1324 3799 addit:

380 3932 422 4001 (1)
442 3933 507 3984 Alius
523 3932 657 3989 Narcissus,
672 3932 768 3988 athleta,
783 3929 846 3994 opud
858 3930 982 3992 scriptores
999 3937 1148 3987 memoratur,
1164 3933 1205 3995 qui
1222 3930 1322 3984 Coruo·

342 4039 389 4074 our
409 4025 532 4073 suffocasse
547 4023 643 4074 dicitur.
677 4022 728 4072 vid.
746 4021 819 4070 daeo
835 4021 877 4070 Dm
896 4018 989 4070 Cissros
1013 4021 1077 4071 Libr.
1093 4021 1193 4079 trini,
1209 4024 1321 4087 popm

342 4130 380 4190 03
397 4133 601 4179 Aen1smrr1m1
618 4129 665 4177 otta
684 4126 767 4182 Severi,
783 4139 835 4189 cap.
851 4125 916 4183 X1V3
935 4126 1018 4175 Snmrs
1035 4125 1059 4174 in
1076 4141 1130 4176 voce
1148 4116 1288 4191 ἀμάστης.

376 4221 417 4288 (2)
437 4222 543 4283 Fingitur
558 4227 636 4269 autam
656 4217 773 4269 Orrunms
788 4225 843 4281 post
857 4220 950 4279 longum
967 4217 1117 4267 demnmitar
1133 4219 1256 4268 intimum
1274 4219 1318 4269 de·

339 4314 465 4370 scendisse,
489 4313 615 4363 Narcissus
643 4316 722 4360 contra
747 4309 852 4358 breviore
875 4309 911 4359 via
927 4309 1108 4373 supervenisse.
1141 4309 1176 4358 Ex
1192 4310 1230 4359 his
1247 4309 1319 4372 igitur

339 4407 442 4456 Sasrcrn
467 4404 543 4455 verbis
567 4403 649 4452 confici
670 4407 745 4464 potest
771 4401 932 4452 hrenssimom
959 4402 1070 4465 temporis
1096 4401 1194 4464 spatium
1212 4401 1316 4465 elapsum

338 4509 387 4544 essa
406 4496 466 4545 inter
487 4492 583 4545 Oineon
597 4498 621 4544 er
637 4490 745 4543 Narcissi
763 4498 870 4542 mortem.
