3200 5525
798 715 817 773 8

321 911 449 977 eumque
470 897 625 978 comparat
648 875 718 957 oum
734 893 859 980 optimis
883 896 991 982 poetis,
1014 898 1090 983 quin
1105 899 1197 964 etiam
1210 923 1302 989 exag-

318 1005 453 1093 gerando
487 1006 617 1093 palmam
652 1007 681 1072 ei
715 1007 859 1095 praebere
893 1010 1023 1078 videtur.
1078 1013 1305 1080 Enumerantur

318 1120 411 1185 etiam
437 1121 573 1187 Lucam
605 1123 739 1188 carmina
774 1125 855 1210 apud
889 1125 1211 1195 Rurnrnascuuroun
1235 1132 1255 1195 l.
1276 1134 1295 1196 l.

318 1258 387 1323 pag.
405 1240 448 1303 78
469 1259 514 1322 sq.
537 1236 596 1302 hoc
619 1237 725 1303 modo:
751 1239 905 1303 nExstant
921 1241 987 1325 ejus
1012 1246 1299 1330 complureeetalii‚

320 1355 376 1415 aut
391 1350 523 1429 iliacam
535 1353 728 1431 Saturnalia,
751 1356 1000 1434 Catnalticnioa,
1012 1359 1167 1423 Silvaram
1178 1360 1220 1436 X,
1232 1370 1296 1425 tra-

319 1466 446 1549 upaade'a
480 1465 595 1530 Medea
621 1467 809 1553 impcrfiata,
844 1470 977 1533 saltiaco
997 1473 1038 1557 (?)
1051 1475 1189 1557 fabulae
1204 1475 1300 1551 XIV,

318 1579 566 1664 nepipraaemata,
601 1601 690 1666 prosa
713 1584 851 1646 oratione
885 1584 920 1647 ia
959 1586 1118 1649 Octaviam
1142 1589 1292 1671 Sapittam

318 1700 369 1759 net
377 1714 436 1777 pra
448 1715 491 1772 co,
513 1694 552 1758 dc
570 1695 710 1759 incendia
730 1698 824 1773 erbis,
849 1698 1047 1781 apiatolaram
1059 1722 1096 1764 aa
1118 1704 1297 1786 Campania,

318 1828 401 1873 anon
431 1808 609 1875 fastidiendi
645 1810 768 1896 quidem
803 1833 917 1890 omues,
947 1813 1024 1878 tales
1044 1821 1144 1880 tamen
1166 1824 1201 1880 ut
1223 1819 1293 1883 belli

318 1922 438 1989 acivilia
462 1924 623 1990 videantur
641 1926 800 1991 accessio·''
851 1928 1091 1995 Catachtlaaioa
1102 1937 1204 1995 autem
1215 1932 1293 1997 illud

222 2107 227 2119 ,
315 2037 396 2122 quod
427 2038 548 2117 attinet,
582 2039 643 2103 tale
667 2061 787 2105 carmen
808 2062 876 2105 eum
909 2042 1066 2127 scripsisse
1090 2048 1294 2112 conficiuute

297 2142 431 2218 'Sanun
452 2175 496 2218 vs.
518 2157 559 2218 57
570 2178 576 2216 :

396 2309 427 2365 et
447 2304 534 2366 sedes
556 2305 703 2366 reserabis
722 2306 880 2367 infer-omn

360 2434 518 2510 Incertum
553 2448 655 2509 tamen
681 2450 728 2509 est
747 2449 851 2509 utrium
876 2445 924 2510 his
944 2447 1063 2532 ejusde
1085 2452 1202 2536 Orpheo
1226 2474 1292 2517 car·

314 2579 383 2623 men
402 2557 565 2635 iudicetur,
589 2579 627 2622 au
652 2557 735 2622 aliud
755 2558 793 2622 da
813 2558 931 2644 Irffarir
955 2582 1074 2625 cannen
1096 2565 1259 2651 scripserit.

359 2805 394 2871 P.
419 2807 583 2870 Parrarua
603 2805 757 2884 Scaurus,
779 2804 911 2892 Neapoli
933 2811 1032 2885 natus,
1054 2807 1169 2872 Romae
1192 2810 1291 2872 autem

312 2919 462 2986 educatus
481 2919 679 2985 Don1'r1auo
698 2919 866 3008 imperante
886 2922 998 2986 floruit.
1028 2921 1174 3008 Magnam
1198 2943 1290 3006 quum

312 3040 495 3104 consecutus
530 3040 609 3101 esset
643 3036 754 3100 famam
786 3058 825 3100 ex
855 3041 991 3120 tempore
1022 3056 1125 3099 versus
1144 3035 1293 3112 iaciendo,

312 3155 418 3240 postea
441 3151 576 3216 carmina
595 3149 703 3226 edidit,
736 3149 842 3213 Silvae
861 3153 893 3211 et
915 3148 1102 3225 Thebaidem,
1125 3170 1202 3232 quae
1225 3172 1289 3214 me·

311 3265 372 3333 rito
396 3263 486 3328 laude
509 3264 603 3349 digna
614 3260 811 3326 habebantur.
857 3259 1011 3331 Quantam
1028 3283 1064 3324 ex
1077 3259 1136 3324 hoc
1155 3262 1287 3327 carmine

310 3380 425 3469 ceperit
455 3379 585 3467 gloriam
621 3377 759 3441 videmus
783 3378 847 3440 Sat.
879 3375 947 3441 VH
973 3399 1016 3442 vs.
1042 3381 1083 3441 83
1106 3400 1187 3462 sqq.;
1209 3379 1290 3446 mide

311 3495 401 3561 facile
422 3492 584 3560 conficitur
603 3513 672 3557 eum
692 3490 725 3556 in
750 3490 869 3556 deliciis
880 3490 985 3578 populi
996 3490 1100 3569 fuisse,
1123 3493 1175 3558 aed
1187 3499 1287 3559 tamen

311 3607 392 3674 idem
411 3606 471 3672 fuit
487 3625 706 3693 pauperrimus,
729 3609 765 3669 ut
796 3604 910 3692 legitur
929 3628 974 3672 vs.
999 3609 1041 3670 86
1059 3629 1103 3692 sq.

393 3799 553 3821 ......
573 3759 626 3820 aed
648 3775 738 3834 quum
758 3758 849 3834 fregit
873 3757 1017 3818 subsellia
1035 3775 1133 3836 versu,

391 3863 493 3940 munt,
515 3862 657 3923 intactam
675 3860 779 3920 Paridi
793 3862 852 3920 nisi
870 3861 981 3921 vendat
1001 3862 1136 3937 Agaven.

353 4005 424 4070 Jam
459 4024 530 4068 vero
555 4025 633 4088 quae
653 4003 788 4067 carmina
808 4007 840 4067 et
859 4001 910 4066 cui
934 4002 973 4066 ad
996 4003 1089 4066 vitam
1114 4008 1288 4070 sustentan-

305 4121 373 4185 dam
405 4118 577 4185 vendiderit
602 4119 801 4203 iuquiramua
849 4121 974 4201 Aqaaaa
1001 4119 1140 4182 vendidit
1163 4120 1285 4185 Paria.

306 4235 411 4300 Paula
446 4239 546 4298 autem
575 4233 753 4298 notissimus
785 4233 871 4297 illins
905 4234 1050 4318 temporis
1074 4236 1287 4319 pantomimus,

308 4373 372 4417 non
395 4351 559 4438 tragoedus
579 4354 633 4415 aut
661 4348 823 4414 comoedus
854 4350 948 4414 fuisse
972 4350 1100 4416 videtur.
1147 4352 1288 4435 Namque

308 4467 394 4533 addit
410 4465 589 4532 scholiastes
609 4464 647 4528 ad
672 4463 692 4528 l.
708 4465 727 4528 l.
752 4464 832 4529 anisi
845 4465 1017 4530 cantionem
1030 4465 1198 4530 inauditam
1210 4488 1285 4551 pan·
