3200 5525
790 711 855 773 130

331 892 431 956 nTum
457 912 574 974 quoque
598 890 787 954 reclamatur.
834 892 921 955 Inter
945 913 1044 957 moras
1077 898 1184 961 consul
1208 898 1313 965 citatis

331 1006 523 1070 anominibus
559 1009 590 1067 et
621 1009 743 1091 peracta
772 1004 956 1071 discessione
988 1008 1085 1073 mittit
1116 1017 1255 1079 senatum
1274 1038 1311 1081 ae

331 1141 444 1207 apaene
467 1119 568 1183 adhue
591 1124 721 1183 stantem
744 1123 1003 1205 temptantemque
1027 1121 1311 1192 dicereVnrnuro-

329 1255 421 1298 arcun
444 1233 575 1318 reliquit.
622 1233 759 1297 Multum
781 1234 835 1297 ille
860 1234 896 1298 de
920 1234 978 1300 hae
1003 1236 1060 1321 (ita
1082 1239 1222 1327 vocabat)
1236 1264 1310 1308 con·

328 1348 473 1414 atumelia
493 1351 618 1433 questus
639 1353 685 1411 est
701 1346 868 1412 Homerico
892 1370 999 1414 versu:

407 1522 429 1587 ὦ
450 1531 542 1609 γέρον,
564 1526 861 1604 {participaretur
882 1535 1012 1607 τείρουσι
1033 1531 1192 1607 potarat?

368 1698 456 1762 Idem
480 1697 623 1761 Pururus
646 1702 750 1761 ramat
770 1702 938 1764 senatorem
960 1700 1154 1765 Frunrcruu
1177 1700 1307 1767 Vernu-

324 1830 436 1876 runnu
464 1810 655 1898 imperatoris
679 1812 823 1876 Neurus
840 1812 1018 1877 familiarem
1041 1813 1152 1891 fuisse;
1175 1814 1307 1901 legimus

322 1924 403 1990 enim
426 1926 511 1991 Libr.
534 1927 593 2005 IV,
616 1950 661 2013 ep.
686 1926 797 2000 XXII,
821 1929 839 2011 t
864 1932 899 1991 4:
925 1927 1081 1993 nOenabat
1098 1929 1221 1994 Nnuva
1234 1951 1304 1995 cum

322 2040 462 2126 npaucia:
495 2040 650 2106 Vnrnuro
683 2041 840 2126 proximus
869 2047 959 2126 atque
990 2044 1082 2107 etiam
1109 2043 1143 2107 in
1163 2044 1232 2108 sinu
1255 2066 1305 2109 re·

322 2154 516 2218 ecumbebat:
541 2154 606 2218 dixi
619 2156 730 2232 omnia,
754 2176 822 2220 cum
847 2154 1000 2221 hominem
1030 2156 1219 2227 nominavi.”
1243 2158 1304 2225 Ul-

320 2267 404 2333 timis
428 2272 528 2332 autem
552 2267 653 2333 verbis
678 2268 812 2354 culpatio
836 2270 936 2334 inesse
956 2271 1077 2337 videtur
1102 2274 1160 2360 (1).

122 2463 257 2493 γρ...

364 2497 493 2561 Ruunrr
515 2518 624 2561 nomen
649 2495 779 2583 legimus
799 2496 863 2560 Sat.
886 2497 946 2577 IV,
969 2522 1013 2564 vs.
1037 2500 1118 2565 105:

400 2677 465 2738 Nee
484 2678 589 2738 melior
608 2678 703 2750 vultu,
722 2677 858 2755 quamvis
879 2678 1028 2755 ignobilia,
1054 2679 1118 2740 ibat

397 2779 538 2851 Rubrius,
557 2782 687 2843 offensae
708 2781 819 2843 veteris
840 2799 908 2843 reus
929 2787 1020 2860 atque
1040 2783 1200 2851 tacendae,

396 2884 437 2947 Et
453 2890 554 2947 tamen
574 2883 735 2964 improbior
755 2884 878 2945 satiram
900 2886 1049 2948 scribente
1065 2885 1199 2948 cinaedo.

356 3024 413 3121 'De
432 3077 492 3141 quo
516 3054 653 3122 Itunuro
676 3052 750 3119 haec
763 3053 914 3131 dicantur,
936 3053 983 3118 rel
995 3076 1072 3138 quae
1083 3056 1197 3117 offensa
1209 3060 1298 3120 vetus

317 3172 438 3238 crimini
463 3171 490 3235 ei
515 3172 659 3245 vertatur,
682 3168 770 3232 valde
794 3168 954 3254 ambigunt
977 3170 1167 3252 interpretes.
1215 3169 1298 3234 Sunt

315 3285 368 3372 qui
388 3284 570 3358 existiment,
592 3280 625 3342 in
645 3278 756 3362 quibus
773 3279 1192 3356 HarunrcnruaRuanruu
1204 3279 1297 3346 Gau·

315 3417 386 3462 nun
422 3393 597 3481 significari,
631 3393 684 3476 qui
709 3415 727 3455 a
751 3393 878 3457 Tncrno
902 3398 933 3458 et
957 3393 1068 3457 Droruc
1092 3393 1214 3458 Cassro
1230 3418 1295 3462 me·

313 3513 448 3575 moretur
466 3507 622 3573 Nnuours
646 3506 717 3585 dux,
738 3507 850 3592 quique
873 3508 907 3571 in
930 3507 1019 3573 bellis
1031 3507 1174 3573 civilibus
1186 3515 1292 3596 postea

312 3625 486 3690 (tancmari
510 3622 700 3709 persuaserit,
723 3627 759 3687 ut
783 3623 822 3687 ad
846 3622 1054 3689 Vnsrrsrnur
1078 3629 1178 3710 partes
1190 3629 1292 3690 trans·

311 3740 503 3828 graderetu13
534 3761 623 3824 quem
655 3737 785 3802 eundem
809 3737 1024 3803 Vnsrasrnuo
1047 3739 1215 3825 imperante
1238 3739 1292 3804 ad-

311 3876 416 3920 versus
440 3855 592 3919 Sarmatas
615 3852 742 3917 missum
766 3874 832 3917 esse
844 3853 939 3917 tradit
951 3852 1101 3918 anvrus
1113 3852 1291 3919 Josnruus.

305 4031 489 4043 m

345 4112 385 4176 (t)
406 4109 545 4162 Contlrmari
562 4109 586 4159 id
605 4110 664 4159 mihi
681 4109 774 4163 videtur
800 4109 936 4158 testimonio
954 4107 1049 4158 Aunrrn
1067 4106 1171 4156 Virronis
1190 4107 1290 4169 Epitcru.

307 4215 359 4264 cap.
377 4201 427 4258 th,
444 4202 483 4251 ubi
500 4200 563 4250 idem
581 4200 677 4250 Nnuran
695 4199 828 4248 convivium
846 4205 976 4248 memorat:
993 4197 1054 4255 »Qui
1064 4196 1170 4246 convivio
1178 4197 1288 4246 familiari

310 4290 447 4347 »adhibitae
472 4305 544 4354 quum
572 4290 730 4344 tnrunrouru,
756 4288 871 4338 consulari
888 4289 974 4338 honore
991 4288 1097 4336 functum
1114 4286 1208 4350 quidem
1225 4287 1288 4350 apuu

308 4381 471 4437 »uorrrnrua
488 4387 565 4430 tamen
584 4381 669 4429 multos
686 4377 784 4429 occultis
809 4379 1010 4452 criminationibus
1035 4383 1191 4440 persecutum,
1205 4375 1306 4462 adesse¹

306 4470 412 4520 uidisset
429 4475 489 4519 cet.''
