3200 5525
709 689 833 803 '86

320 919 402 1004 quod
425 922 554 985 affirmat
578 920 645 986 Dio
669 922 812 987 Cassius
831 924 883 1001 l.l.‚
905 924 999 989 fidum
1023 924 1081 989 sibi
1096 925 1301 1012 cognovisset

318 1035 389 1101 Jam
413 1059 483 1103 vero
507 1037 662 1103 videamus
683 1038 720 1102 de
743 1037 833 1102 rebus
852 1037 886 1101 in
905 1037 980 1103 Asia
999 1038 1103 1125 gestis.

364 1152 564 1217 Connunorn
584 1152 681 1239 igitur
704 1152 736 1215 in
760 1151 866 1215 Asiam
890 1154 1064 1237 properanti
1084 1153 1300 1223 Quauarrus

318 1264 509 1345 Uuurnrus,
531 1267 636 1350 Syriae
661 1266 788 1353 legatus,
812 1265 920 1330 obvius
936 1265 1030 1343 vonit,
1041 1266 1123 1330 inter
1134 1289 1211 1350 quos
1224 1291 1299 1332 mox

317 1379 468 1445 dissensio
490 1384 557 1444 orta
576 1384 632 1457 est,
654 1402 748 1464 quum
773 1383 903 1462 utroque
922 1378 1129 1444 Vouoensuu
1147 1388 1300 1459 monente,

316 1498 352 1558 nt
368 1517 472 1580 paoem
496 1515 585 1577 quam
609 1494 721 1558 bellum
747 1493 860 1571 mallet,
882 1494 1002 1558 obsides
1014 1494 1197 1559 Parthorum
1209 1497 1299 1561 Oon·

318 1627 445 1702 annoni
480 1608 681 1686 traderentur,
704 1630 794 1692 quarn
819 1607 940 1671 obrem
965 1607 1145 1672 Uurrrurus
1168 1617 1297 1694 questus

316 1725 372 1800 est,
384 1726 418 1785 ut
430 1721 526 1785 tradit
542 1722 700 1800 Taurus,
726 1726 902 1808 rpraerepta
914 1745 990 1805 quae
1003 1722 1066 1786 suis
1087 1724 1225 1789 consiliis
1240 1749 1296 1811 pa·

316 1834 509 1900 aravisserst’
556 1837 726 1921 Imperator
758 1840 859 1900 autem
895 1836 1002 1914 Naro,
1037 1836 1085 1901 his
1110 1838 1297 1917 auditisne

317 1950 466 2016 dissensio
502 1951 614 2016 dueum
638 1950 728 2015 rebus
747 1952 894 2015 Romanis
917 1956 1049 2029 noceret,
1067 1952 1169 2035 jussit,
1192 1958 1227 2016 nt
1250 1953 1296 2017 le-

314 2066 416 2152 gimus
432 2066 514 2151 apud
537 2065 694 2129 Tamruu
718 2067 834 2129 Annol.
849 2064 935 2128 Libr.
955 2065 1052 2142 XIIl,
1075 2088 1139 2151 cap.
1158 2066 1218 2129 IX:
1232 2067 1295 2131 nob

315 2200 384 2243 ares
406 2202 423 2243 a
447 2179 640 2249 eraonaro
661 2182 692 2241 et
715 2178 920 2242 0011111011
944 2201 1085 2264 prospere
1108 2184 1209 2265 gestas
1221 2180 1294 2243 lan-

314 2312 381 2355 rum
401 2292 536 2356 fascibus
557 2292 761 2377 imperatoriis
784 2290 891 2359 addi.’'

360 2407 399 2470 A.
419 2405 460 2471 U.
482 2410 546 2470 811
575 2407 615 2492 (p.
639 2404 711 2470 Chr.
733 2409 789 2492 55)
807 2406 918 2470 iterum
930 2407 1090 2471 0011111110
1102 2408 1135 2471 in
1147 2408 1294 2471 Armenia

314 2520 461 2585 exercitui
485 2520 625 2593 Romano
648 2518 780 2604 praefuit
800 2523 832 2583 et
855 2519 969 2583 bellum
988 2520 1084 2605 gessit
1105 2526 1210 2585 eontra
1233 2521 1292 2585 'Pr-

314 2652 474 2710 aroanna,
498 2632 669 2696 Vonosnsr
688 2633 821 2697 fratrem.
844 2632 915 2704 Quo
947 2633 1075 2718 imperio
1098 2634 1291 2719 disciplinam

313 2747 459 2826 restituit,
481 2751 512 2812 et
532 2744 703 2811 senioribus
720 2746 833 2833 quique
856 2747 1029 2813 valetudine
1050 2747 1170 2813 infirma
1189 2752 1292 2812 essent

313 2861 447 2925 dimissis
479 2883 574 2926 novas
606 2861 708 2949 copias
732 2863 899 2928 contraxit:
923 2863 1021 2926 hieme
1044 2864 1182 2947 quamvis
1203 2885 1291 2928 saeva

313 2974 478 3040 exereitum
491 2975 551 3040 sub
560 2975 691 3061 pellibus
702 2975 939 3062 retinuit‚=srgna
947 2976 1152 3058 relinquentes
1161 2977 1291 3040 maxima

313 3112 382 3155 eum
415 3091 574 3156 severitate
606 3090 736 3175 punivit,
783 3090 852 3153 Neo
875 3095 990 3153 eeteros
1014 3093 1135 3151 tantum
1153 3091 1293 3172 jussisse,

312 3205 365 3269 sed
393 3205 492 3290 ipsam
527 3224 647 3288 quoque
676 3203 782 3265 ducem
807 3202 976 3284 exemplum
996 3200 1146 3264 militibus
1171 3201 1292 3267 dedisse

311 3317 441 3402 legimus
465 3315 545 3400 apud
569 3314 726 3376 Tacrruu
737 3314 851 3376 Anaol.
870 3312 955 3376 Libr.
967 3312 1062 3390 XIII,
1074 3335 1138 3399 cap.
1150 3315 1292 3396 XXXV,

310 3429 366 3493 tali
387 3427 491 3490 modo:
518 3427 609 3511 alpse
630 3424 717 3487 cultu
738 3424 810 3502 levi,
831 3425 930 3512 capite
952 3427 1080 3506 intecto,
1102 3429 1136 3493 in
1158 3432 1291 3518 agmine,

312 3542 366 3605 rin
385 3539 539 3605 laboribus
558 3539 700 3622 frequens
725 3539 838 3620 adesse,
858 3541 979 3606 laudem
992 3544 1134 3623 strenuis,
1145 3547 1288 3610 solatium

312 3655 486 3732 ninvalidis
507 3655 679 3740 exemplum
695 3655 837 3720 omnibus
860 3655 1046 3722 ostendere*
1094 3659 1173 3724 Vere
1185 3666 1287 3726 autem

309 3770 443 3846 ineunte,
477 3791 580 3834 severe
616 3768 831 3835 animadvertit
859 3770 1019 3835 Cerauno
1042 3772 1076 3835 in
1099 3775 1287 3860 primipilum

309 3883 464 3948 Pnorrun
488 3884 684 3961 0111111111,
706 3884 760 3969 qui
779 3888 891 3949 temere
911 3895 943 3948 et
966 3890 1072 3950 eontra
1087 3887 1206 3971 jussum
1229 3889 1287 3954 im-

308 3996 455 4084 peratoris
480 4020 548 4062 eum
564 3996 704 4061 hostibus
723 4019 905 4085 congressus
925 4020 1035 4084 magna
1058 4001 1143 4065 clade
1156 4005 1285 4067 allectus

308 4114 382 4178 erat.
408 4112 536 4176 interim
557 4111 743 4175 Truruarns
768 4112 944 4176 Armeniam
964 4114 1173 4199 populabatur,
1196 4140 1286 4200 quem

307 4247 401 4310 quum
417 4225 577 4289 Consano
598 4225 711 4289 frustra
732 4226 769 4289 ad
786 4226 938 4312 proelium
958 4232 1159 4312 provocasset,
1183 4229 1286 4314 copias

308 4361 377 4402 suos
391 4337 504 4415 divisit,
528 4341 562 4401 ut
587 4338 705 4404 diversa
732 4339 823 4404 simul
844 4341 910 4405 loca
929 4341 1072 4406 invadere
1084 4347 1193 4428 posset.
1216 4343 1285 4408 Nec

205 4434 206 4439 ἵ
308 4452 361 4517 diu
397 4457 466 4540 post
486 4451 601 4538 legatos
629 4453 666 4516 ad
703 4455 936 4520 Corraunonnn
971 4456 1054 4520 misit
1091 4458 1285 4537 Trnrnarns,
