3200 5525
431 1798 640 1909 §ann
684 1798 1140 1883 rnrnosornrs

344 2356 392 2422 Ex
431 2358 489 2422 hoo
515 2357 674 2424 doctorum
709 2382 819 2447 genere
843 2358 896 2424 vix
919 2358 1077 2444 quisquam
1102 2355 1136 2418 in
1160 2350 1270 2418 Satiris

298 2471 335 2537 de
366 2471 520 2537 industria
541 2476 698 2539 tractatur.
744 2475 828 2539 Nam
848 2474 900 2560 qui
924 2472 1030 2538 multis
1051 2468 1127 2535 loeis
1147 2463 1272 2532 honoris

298 2586 347 2651 rel
382 2586 511 2675 exempli
547 2609 639 2653 eausa
662 2594 869 2654 memorantur
892 2592 1008 2654 veteres
1022 2580 1272 2673 philosophorum

298 2699 450 2788 principes
469 2702 527 2789 (l),
549 2724 601 2766 eos
624 2702 676 2767 vix
696 2702 892 2770 Juvnnnnrs
911 2718 1052 2789 πρόσωπα
1064 2696 1193 2765 dicenda
1205 2716 1272 2759 esse

299 2834 387 2878 nemo
410 2814 500 2879 faoile
519 2815 684 2902 negaverit.
708 2816 768 2880 Sed
793 2839 831 2881 ax
853 2815 901 2894 iis,
924 2815 977 2900 qui
1000 2815 1058 2880 hao
1081 2815 1179 2878 aetate
1191 2807 1272 2896 apud

299 2928 454 2994 Romanos
473 2927 681 3016 philosophiae
693 2930 805 2994 studiis
816 2911 1035 3005 inclaruerunt,
1046 2932 1165 3014 praeter
1176 2944 1272 2988 unum

299 3043 457 3108 Sunnonu
480 3043 598 3110 nullius
617 3045 698 3132 apud
718 3067 787 3110 eum
811 3045 994 3110 mentionem
1025 3039 1273 3126 faotamreperi03

298 3163 329 3224 et
353 3181 391 3223 ne
414 3157 465 3223 hio
489 3158 610 3245 quidem
635 3159 853 3248 philosophiae,
875 3160 929 3226 sed
952 3159 1128 3225 divitiarum
1152 3155 1274 3220 nomine

299 3278 429 3360 apoe'ta
452 3280 643 3342 memoratur.
667 3277 862 3364 Quapropter
884 3277 958 3342 huia
992 3277 1047 3341 nni
1080 3277 1156 3340 duos
1192 3275 1274 3340 viros

299 3389 462 3476 adjungere
491 3390 566 3456 mihi
603 3392 636 3455 in
670 3392 771 3456 animo
804 3397 859 3471 est,
882 3393 934 3477 qni
958 3388 1130 3479 philosophi
1151 3387 1273 3474 quidem

298 3504 421 3590 proprio
449 3506 572 3571 nomine
604 3505 725 3571 dicendi
758 3529 820 3571 non
841 3512 923 3584 sunt,
946 3507 999 3572 sed
1019 3529 1148 3591 quorum
1172 3503 1274 3569 studia

298 3620 400 3682 tamen
439 3617 477 3683 ad
512 3617 734 3707 philosophiam
773 3620 909 3707 proxime
941 3621 1081 3684 aooedere
1116 3618 1276 3696 ridentur,

299 3731 542 3799 'lnnnsrnnuu
565 3739 596 3799 et
618 3734 814 3814 Pnrosnanr,
837 3734 1072 3800 mathematicos.

345 3957 381 4021 L.
405 3959 571 4026 Anninus
591 3965 723 4029 Snunon
744 3964 904 4029 Cordubae
924 3968 1015 4030 natus
1030 3968 1116 4052 patre
1140 3964 1184 4030 M.
1204 3969 1274 4032 An·

300 4091 389 4136 uano
413 4071 554 4154 armon,
578 4077 635 4143 sub
659 4077 787 4166 imperio
811 4079 963 4146 crinon
975 4085 1014 4158 et,
1034 4081 1122 4166 eujus
1134 4103 1275 4170 praecep

335 4338 376 4407 (1)
396 4341 438 4394 sn
449 4343 512 4394 enim
529 4341 581 4394 Sat.
602 4342 674 4399 ll‚rs.
693 4341 710 4392 6
725 4359 778 4410 sqq.
789 4344 892 4410 loquitur
908 4345 1088 4410 inimaginibus
1099 4346 1274 4407 Primoulrrs·

301 4447 400 4492 rorans,
416 4433 526 4492 aliorum,
542 4439 565 4484 et
585 4431 641 4483 Sat.
658 4433 685 4490 x,
702 4448 735 4484 rs.
745 4432 778 4484 34
795 4433 826 4485 de
846 4435 977 4492 Drroerrro
993 4451 1085 4502 semper
1101 4438 1200 4490 ridente.
