3200 5525
781 708 823 771 28

314 880 448 948 delendit
476 889 612 956 oratione
646 889 684 953 ad
720 889 878 954 Caesarem
908 886 1020 965 habita,
1043 906 1133 972 quam
1157 883 1288 971 legimus

312 996 391 1081 apud
419 998 575 1065 Trorrun
600 1001 622 1071 l.
644 1002 665 1070 l.
684 1024 748 1089 cap.
771 1002 864 1079 LIII,
887 999 939 1064 ubi
960 1000 996 1064 de
1022 998 1139 1064 divitiis
1155 996 1219 1061 suis
1243 997 1288 1062 sic

311 1106 462 1193 loquitur:
487 1113 606 1179 rmedio
625 1115 770 1202 temporis
793 1118 914 1179 tantum
932 1112 1081 1177 honorum
1093 1117 1183 1197 atque
1195 1133 1287 1197 opum

312 1217 365 1286 aiu
397 1247 444 1290 mc
479 1229 650 1308 cumulasti,
684 1234 720 1293 ut
744 1229 825 1294 nihil
855 1227 997 1293 felicitati
1021 1250 1103 1293 meae
1124 1227 1203 1290 desit
1226 1225 1287 1290 nisi

312 1341 498 1408 atmoderatio
531 1342 624 1430 ejus.''
670 1345 710 1409 In
734 1343 838 1409 eadem
857 1364 947 1429 porro
966 1342 1103 1408 oratione
1122 1342 1177 1406 illa
1193 1340 1315 1405 dieitz‘

312 1458 364 1517 nat
391 1460 427 1520 tu
457 1458 593 1544 gratiam·
619 1458 806 1537 immensam,
833 1458 1022 1521 innumeram
1046 1456 1206 1543 pecuniam
1226 1455 1285 1519 cir-

311 1569 522 1649 ncumdedisti,
545 1573 619 1637 adeo
642 1576 678 1636 ut
694 1572 870 1658 plerumque
879 1571 961 1636 intra
974 1593 1021 1635 me
1033 1571 1098 1658 ipse
1110 1570 1285 1643 volvam...

310 1682 382 1747 aubi
406 1691 452 1749 est
464 1687 647 1752 animusille
670 1687 798 1751 modicis
819 1686 997 1752 contentus?
1023 1687 1095 1751 talis
1116 1685 1221 1751 hortos
1233 1707 1285 1750 ex·

311 1797 432 1877 astruit,
456 1804 486 1865 et
497 1823 552 1888 per
563 1800 637 1867 haec
661 1802 833 1867 suburbana
852 1800 978 1879 incedit,
989 1805 1021 1866 et
1036 1801 1132 1866 tantis
1143 1821 1285 1889 agrorum

310 1913 447 1999 aspatiis,
476 1921 539 1982 tam
575 1918 637 1982 lato
656 1917 758 1983 fenore
777 1916 943 1982 exuberat?
968 1919 1043 1980 cet.''
1066 1915 1166 1979 Nunc
1186 1914 1214 1979 ei
1237 1934 1285 1978 re·

309 2028 434 2112 spondit
449 2031 594 2110 oratioue,
616 2054 692 2116 quae
712 2031 792 2119 apud
814 2032 928 2096 Tnorr.
948 2035 994 2095 est
1014 2031 1048 2095 in
1061 2052 1125 2117 cap.
1141 2029 1210 2109 LV,
1231 2027 1285 2093 ubi

311 2140 345 2204 in
377 2144 445 2209 aliis
465 2146 607 2232 legimus:
632 2168 728 2231 aquae
748 2168 766 2209 a
789 2167 838 2210 me
857 2120 1070 2223 habes,'h0rti
1091 2147 1122 2209 et
1144 2143 1231 2208 senus
1255 2145 1286 2205 et

312 2255 432 2335 arillae,
463 2258 582 2323 casibus
613 2258 743 2324 obnoxia
780 2262 882 2325 suut.''
928 2258 999 2345 Ipse
1016 2277 1134 2342 quoqne
1153 2255 1285 2319 Saurea

311 2370 344 2434 in
369 2372 492 2459 scriptis
512 2374 576 2439 suis
600 2395 827 2458 nonnumquam
853 2372 890 2435 de
914 2372 1023 2459 opibus
1047 2372 1119 2449 suis,
1142 2370 1179 2433 de
1203 2366 1285 2433 villis

311 2484 455 2570 loquitur,
490 2488 610 2573 quade
641 2510 673 2551 re
705 2488 744 2552 cf.
775 2486 885 2551 ersn
906 2484 1124 2573 disputationis
1145 2484 1285 2549 laudatae

310 2622 374 2686 cap.
399 2601 456 2666 VI.
479 2602 666 2667 Diuitiarum
690 2603 755 2687 ejus
775 2600 890 2664 mentio
902 2602 993 2666 etiam
1006 2601 1041 2664 fit
1053 2599 1134 2686 apud
1145 2598 1285 2663 Dronun

310 2714 394 2782 Libr.
425 2717 523 2782 LXII
557 2716 656 2795 initio,
683 2715 868 2782 ubidicitur
887 2716 1020 2782 Sarouon
1044 2712 1161 2801 maguis
1183 2711 1285 2777 usuris

311 2833 471 2916 pecuniam
483 2833 647 2898 credidisse
658 2831 877 2898 Britannorum
890 2831 1052 2917 primariis,
1061 2829 1178 2894 scilicet
1186 2839 1286 2906 χιλίας

310 2957 462 3032 μυριάδας.
509 2947 650 3032 Denique
682 2946 762 3032 apud
797 2944 1012 3010 Maurrrnun
1047 2941 1176 3028 legimus
1202 2938 1286 3004 Libr.

310 3060 368 3138 lv,
391 3083 437 3147 ep.
456 3061 525 3128 XL.

389 3244 430 3304 ut
449 3243 528 3302 docti
550 3243 681 3304 Senecae
703 3243 749 3299 ter
768 3234 951 3297 numeranda
971 3234 1084 3294 domus.

355 3416 395 3479 In
418 3411 651 3479 Commentariis
674 3408 713 3473 ad
736 3407 852 3472 Satires
876 3404 1071 3470 Juvnrrnnrs
1090 3400 1285 3467 aOuAnruo

310 3528 410 3607 editis,
441 3527 478 3592 ad
503 3527 567 3596 Sat.
583 3527 622 3602 V,
645 3547 689 3590 vs.
706 3525 771 3586 109
794 3520 868 3585 satis
890 3518 1017 3606 longum
1038 3516 1184 3583 Scholion
1208 3515 1284 3604 legi·

308 3665 384 3722 mus,
407 3642 459 3708 ubi
483 3638 847 3706 nonnulladeSurrucau
870 3635 1285 3708 ritaetmorteenarrantur,

314 3783 390 3846 quae
408 3765 510 3824 tamen
530 3779 567 3822 ex
592 3757 720 3821 Taorro
740 3752 815 3817 satis
832 3773 981 3838 superque
994 3749 1136 3838 cognosci
1149 3749 1285 3833 possunt.

310 3876 389 3940 Itum
424 3877 470 3938 in·
489 3872 595 3937 mortis
616 3868 790 3936 discrimine
814 3865 1033 3954 philosophicis
1042 3864 1120 3929 0suis
1143 3882 1284 3949 praecep-

310 3990 351 4054 tis
375 3989 502 4076 dignum
538 4008 569 4051 se
593 3983 789 4073 praestitisse,
819 3981 853 4045 in
882 3978 1005 4044 Scholio
1029 3979 1153 4044 laudato
1172 3973 1285 4038 talibus

310 4105 410 4171 verbis
445 4102 622 4190 exponitur:
660 4100 743 4165 aHic
778 4095 947 4175 interritus,
970 4094 1136 4159 amicorum
1159 4091 1285 4166 animos,

311 4218 441 4305 aquibus
460 4219 524 4304 jam
544 4217 610 4302 ejus
629 4238 718 4280 casus
745 4211 885 4278 lacrimas
908 4209 1070 4288 exciverat,
1092 4207 1130 4272 ad
1155 4205 1283 4270 firmitu-

309 4334 431 4400 adinem
459 4330 621 4411 revocavit,
643 4330 796 4418 rogitans:
820 4327 884 4393 Ubi
907 4329 1066 4414 praecepta
1090 4319 1282 4411 sapientiae?

309 4449 380 4514 aubi
405 4452 453 4514 tot
465 4469 518 4534 per
541 4467 636 4510 annos
649 4445 794 4511 meditata
805 4444 884 4509 ratio
893 4442 1037 4509 adversus
1048 4436 1238 4506 imminentia
1250 4437 1283 4500 ?”
