3200 5525
809 730 874 791 142

359 916 479 980 nSehol.
503 938 540 979 ex
560 919 618 979 vet.
642 935 696 976 ms.
721 911 800 995 apud
813 911 918 974 Barth.
942 910 1019 974 Adv.
1044 911 1139 988 XIII,
1165 910 1238 975 13.”
1263 911 1331 978 Pis·

355 1038 486 1094 catonem
507 1052 574 1094 eum
594 1028 687 1092 fuisse
711 1026 840 1090 conficio
864 1049 880 1089 e
905 1028 967 1090 sat.
991 1026 1049 1102 IV,
1073 1050 1115 1090 vs.
1141 1032 1185 1090 24
1215 1050 1283 1111 sqq:

818 1219 1036 1236 ........
1057 1178 1113 1237 hoe
1134 1183 1167 1238 tu

435 1283 600 1342 succinctus
619 1279 718 1357 patria
739 1279 897 1357 quondam,
918 1278 1062 1358 Crispina,
1084 1298 1206 1359 papyro,

434 1385 490 1445 hoc
510 1385 607 1463 pretio
629 1383 798 1459 squamam!

351 1527 389 1590 ad
417 1548 505 1610 quem
538 1525 638 1588 locum
669 1528 750 1588 recta
785 1524 911 1587 adnotat
943 1524 1191 1590 Hammonius:
1217 1527 1329 1593 nNaeh

353 1644 417 1705 1132
442 1639 506 1703 und
536 1642 577 1702 33
603 1639 656 1703 bot
680 1661 712 1702 er
741 1639 868 1726 anfangs
892 1638 925 1702 in
945 1640 1024 1703 Rom
1048 1640 1158 1705 Eische
1182 1664 1220 1705 zu
1244 1641 1332 1707 Kauf

352 1754 416 1818 sals
440 1754 588 1817 Ansrufer
610 1776 668 1817 von
690 1753 759 1817 dem
783 1752 907 1832 Sohiffe,
930 1755 1032 1817 womit
1055 1776 1087 1817 er
1107 1756 1328 1841 sngekommen

351 1872 456 1933 aswarff'
482 1870 529 1954 (l)
554 1869 665 1932 Postea
689 1872 789 1932 autem
810 1866 971 1933 libertinus
983 1869 1098 1932 Romae
1117 1869 1230 1934 vixisse
1241 1871 1327 1935 vide-

348 1990 408 2062 tur,
432 1984 484 2048 sed
505 1985 591 2068 cujus
614 1982 707 2045 fuerit
735 1982 873 2060 libertus,
902 2004 965 2045 non
985 1982 1059 2045 satis
1078 1982 1191 2065 liquet3
1215 1983 1326 2047 Hniu·

348 2117 486 2161 suemus
510 2099 680 2183 suspicatur
697 2096 855 2159 Vssmnu
872 2096 1062 2160 Gnlsniuun
1081 2096 1214 2161 Bonam
1226 2097 1326 2164 filium

345 2210 438 2274 fuisse
454 2211 518 2293 ejus
542 2213 711 2295 patronum.
735 2208 887 2271 Paulatim
911 2208 1020 2272 deinde
1042 2209 1232 2295 Imperatoris
1253 2234 1325 2297 gra·

344 2324 419 2386 tiam
435 2326 553 2400 nactus,
575 2326 612 2385 ut
626 2322 689 2385 illis
713 2322 899 2407 temporibus
912 2323 977 2386 fieri
999 2324 1123 2402 solebat,
1145 2325 1184 2388 ad
1195 2349 1324 2413 magnos

345 2442 468 2503 evectus
488 2442 534 2502 est
549 2437 687 2501 honores.
733 2438 774 2500 In
799 2438 862 2500 Sat.
885 2436 935 2501 IV
959 2439 1040 2502 enim
1068 2440 1148 2503 inter
1168 2444 1323 2506 senatores

344 2554 519 2618 nominatur
539 2557 570 2617 et
588 2553 622 2616 in
639 2551 770 2616 Soholiis
790 2551 920 2638 legimus
944 2574 1013 2617 eum
1037 2553 1129 2617 fuisse
1142 2555 1322 2640 magistrum

343 2669 480 2753 equitum
500 2669 655 2733 Nnnoms
680 2667 700 2731 i.
720 2690 745 2731 e.
769 2666 979 2745 Dominmuu,
1010 2669 1096 2753 cujus
1112 2668 1211 2754 gratia
1230 2691 1321 2735 nsum

342 2807 410 2851 esse
445 2785 641 2850 Mansmnis
664 2784 728 2868 jam
756 2805 847 2868 supra
877 2805 934 2846 nos
959 2783 1073 2861 docuit,
1095 2784 1148 2868 qui
1167 2788 1321 2869 praeterea

342 2898 427 2968 Libr.
454 2899 548 2976 VHI,
571 2921 616 2983 ep.
639 2897 795 2975 XLVIII,
818 2920 861 2962 vs.
888 2901 918 2974 1,
942 2919 1005 2981 sqq.
1018 2898 1063 2962 sio
1076 2898 1160 2963 deco
1174 2899 1319 2983 loquitur:

420 3051 525 3111 Nescit
546 3049 593 3110 eui
614 3049 730 3109 dederit
750 3047 875 3124 Tyriam
896 3047 1050 3124 Crispinus
1068 3049 1215 3125 abellam,

461 3151 530 3210 dum
551 3156 648 3211 mutat
665 3151 763 3210 cultus
786 3149 976 3224 induiturque
997 3156 1105 3222 togam.

419 3253 563 3328 Quisquis
585 3253 685 3329 habes
704 3251 834 3310 humeris
847 3269 901 3310 sua
911 3268 1033 3309 munera
1043 3250 1143 3320 redde,
1152 3267 1317 3328 precamur.

459 3371 519 3413 non
540 3353 595 3412 hoa
616 3352 769 3429 Crispinus
790 3357 821 3412 te
842 3353 895 3412 sed
916 3353 1023 3412 abolla·
1039 3358 1132 3428 rogat.

383 3493 528 3577 Ejusdem
552 3492 710 3557 mollitiem
735 3493 889 3579 eleganter
917 3495 997 3559 ridet
1031 3495 1221 3563 Juvnnunls
1252 3501 1314 3565 sat.

340 3609 367 3685 I,
392 3630 434 3672 vs.
456 3610 497 3672 27
520 3629 582 3691 sqq:

416 3731 490 3792 Cum
511 3750 580 3810 pars
602 3731 738 3791 Niliacas
759 3732 865 3810 plebis,
888 3751 954 3792 eum
975 3751 1067 3793 verna
1088 3734 1201 3814 Canopi

415 3833 578 3912 Crispinus,
601 3834 711 3909 Tyrias
732 3833 855 3894 humero
876 3841 1034 3896 revocante
1065 3837 1209 3917 lacernas,

413 3937 539 3996 ventilet
560 3936 705 3996 aestivum
727 3937 830 4012 digItis
844 3937 1020 3998 sudantibus
1036 3957 1149 4018 aurum,

412 4058 468 4100 nea
488 4040 609 4100 sufferre
631 4045 722 4116 queat
740 4041 860 4118 majoris
880 4041 1012 4119 pondera
1038 4060 1182 4120 gemmae,

413 4144 532 4205 difficile
555 4148 601 4204 est
621 4145 743 4205 satiram
762 4162 821 4204 non
842 4146 978 4207 smibere.
1232 4132 1234 4135 ⁵

351 4256 544 4270 *0-

366 4306 410 4374 (1)
430 4307 497 4357 Idem
514 4307 611 4358 affirmat
628 4307 811 4358 Hscnssumnus
827 4308 904 4372 operis
921 4308 1007 4358 laudati
1023 4325 1075 4374 pag.
1092 4307 1138 4361 21:
1155 4309 1309 4361 ›Cassiuswar

328 4397 375 4445 »ein
394 4396 565 4453 Klainhundieu
582 4395 623 4445 dar
649 4397 713 4446 seiae
742 4397 825 4447 Fisahe
851 4398 991 4451 stiakweise
1009 4399 1238 4452 matitschreiarisch
1255 4399 1308 4450 teil·

328 4487 377 4538 »lat
398 4486 545 4554 (singulatim
568 4484 709 4552 vendere).”
