3200 5525
785 730 827 788 46

320 927 393 971 aurs
414 907 654 974 crudelissimum
690 908 784 972 fuisse
806 909 872 973 vult
893 908 1027 995 intelligi
1047 906 1241 985 satellitem‚”
1264 914 1300 974 et

317 1021 547 1085 Hrrrrrrcrrrus
567 1022 672 1086 laudat
690 1024 822 1110 glossam
835 1024 868 1087 in
893 1024 967 1087 God.
992 1020 1085 1087 Hus:
1111 1023 1298 1089 normann

319 1136 398 1199 afuit
427 1142 582 1219 tyrannus,
617 1138 668 1221 qui
705 1143 735 1202 et
769 1138 829 1202 fuit
854 1137 970 1223 primus
987 1138 1041 1222 qui
1065 1136 1187 1203 invenit
1209 1138 1297 1203 hunc

318 1252 470 1338 aprimum
487 1253 685 1317 cruciatum.‘’

363 1483 539 1565 Sequuntur
563 1484 616 1566 qui
636 1483 733 1567 ipsius
754 1483 775 1545 J
778 1504 943 1548 curruum
956 1485 1053 1546 aetate
1066 1482 1218 1559 vixerunt,
1228 1482 1297 1569 ple-

317 1597 403 1680 rique
427 1597 592 1681 imperante
612 1596 820 1660 Dourrrnuo

364 1827 413 1891 De
436 1829 638 1892 Auureuuro
663 1832 693 1891 et
713 1827 888 1892 Pnurunro
902 1826 1031 1913 legimus
1044 1826 1107 1892 Sat.
1121 1824 1171 1887 IV
1182 1846 1226 1888 vs.
1240 1828 1295 1889 53:

397 2008 429 2067 Si
450 2010 521 2084 quid
542 2010 683 2088 Palfurio,
705 2012 731 2069 si
754 2011 901 2069 credimus
920 2008 1085 2086 Armillato²

396 2110 540 2186 quidquid
561 2113 750 2187 conspicuum
771 2109 984 2188 pulchrumque
1007 2116 1054 2170 est
1075 2126 1201 2186 aequore
1220 2112 1293 2187 toto,

394 2228 442 2270 res
463 2212 526 2271 fisci
548 2217 601 2288 est,
623 2213 799 2287 ubicumque
821 2218 907 2273 natat
928 2219 982 2273 eet.

361 2384 401 2446 In
425 2382 558 2448 Scholiis
583 2384 615 2448 hi
638 2385 786 2449 delatores
807 2385 962 2463 dicuntur,
984 2407 1061 2469 quos
1084 2385 1141 2448 etsi
1162 2385 1292 2448 Ouenn-

316 2519 416 2563 urnus
441 2504 576 2564 oratores
597 2504 694 2577 vocat,
718 2499 931 2566 Hnrnnlcrrro
955 2502 1056 2587 potius
1068 2502 1142 2566 fides
1154 2500 1292 2565 habenda

318 2636 382 2679 esse
403 2616 533 2693 videtur,
557 2616 671 2679 dicenti
695 2638 745 2679 eos
768 2617 863 2681 fuisse
882 2618 1127 2702 jurisconsultos,
1150 2617 1202 2702 qui
1222 2616 1292 2701 jure

314 2729 379 2795 fisci
399 2730 611 2817 amplificando
635 2731 796 2796 Caesarum
830 2732 1067 2798 dominationem
1096 2734 1236 2819 adjuvare
1260 2736 1291 2796 et
1369 2781 1374 2788 »

315 2848 491 2911 confirmare
516 2850 617 2912 conati
643 2849 713 2911 sint.
761 2849 863 2914 Verba
888 2850 968 2913 enim
990 2849 1176 2913 Juvrnnrrs
1196 2846 1291 2932 juris·

314 2963 448 3027 consulti
476 2964 578 3050 potius
600 2987 688 3049 quarn
710 2967 839 3030 oratoris
864 2966 1045 3030 sententiam
1070 2965 1224 3026 continere
1244 2962 1291 3027 vi-

315 3078 433 3143 dentur.
457 3078 506 3144 De
529 3082 730 3145 Auurmnno
753 3080 841 3158 nihil,
865 3081 901 3143 de
926 3080 1020 3142 altero
1050 3099 1146 3160 pauca
1168 3080 1290 3139 tantum

313 3196 386 3256 note
422 3198 503 3255 sunt.
551 3192 695 3256 Scholion
729 3197 828 3254 exstat
860 3193 985 3276 dignum
1011 3189 1092 3272 quod
1116 3188 1168 3250 hic
1190 3190 1290 3251 totum

312 3305 531 3369 describamus:
569 3305 782 3368 uPnnruurus
815 3305 917 3380 Sunn,
952 3301 1119 3365 consularis
1143 3301 1234 3380 filine,
1255 3302 1289 3367 in

315 3441 431 3504 ragone
455 3441 525 3482 cum
549 3419 670 3504 virgine
689 3417 930 3480 Lacedaemonia
943 3415 999 3480 sub
1019 3416 1142 3480 Nerone
1154 3414 1289 3480 luctatus

312 3539 378 3597 aest
401 3535 457 3619 (1).
480 3533 556 3598 Post
578 3533 650 3598 inde
674 3530 917 3596 aVrsPnsrnno
942 3535 1049 3595 senatu
1068 3535 1178 3610 motus,
1189 3535 1289 3596 trans-

312 3650 390 3714 uivit
412 3650 449 3713 ad
482 3649 615 3714 Stoicam
647 3651 768 3722 sectam,
798 3645 831 3709 in
865 3669 925 3730 qua
958 3669 1026 3710 cum
1052 3646 1236 3731 praevaleret
1259 3651 1289 3709 et

313 3764 510 3849 ueloquentia
535 3769 566 3828 et
591 3764 666 3827 artis
680 3763 816 3850 poeticae
831 3763 938 3850 gloria,
961 3763 1073 3827 abusus
1084 3762 1288 3827 familiaritate

311 3878 533 3956 uDourrrnrrr,
559 3877 750 3943 acerbissime
763 3881 863 3961 partes
876 3876 1037 3940 delationis
1050 3876 1194 3940 exercuit.
1217 3875 1287 3946 Quo

311 3993 502 4071 ainterfecto
527 3996 635 4056 senatu
656 3995 828 4070 accusante,
855 3993 1016 4056 damnatus
1040 3997 1099 4055 est:
1123 4014 1193 4055 cum
1212 3991 1288 4055 fuis-

310 4114 398 4172 uscnt
420 4110 501 4173 inter
522 4108 670 4173 delatores
691 4111 830 4194 potentes
854 4108 935 4194 apud
961 4107 1190 4172 Dourrrnnuu
1202 4110 1232 4170 et
1245 4104 1288 4180 hi,

308 4233 504 4247 *aaut

343 4285 384 4355 (1)
404 4289 430 4337 ln
458 4284 561 4336 scholiis
580 4283 689 4333 editionis
705 4284 784 4332 Junun
800 4295 884 4331 nomeu
906 4283 966 4332 Sum
985 4283 1087 4340 additur,
1103 4281 1165 4346 quod
1183 4296 1228 4330 uon
1251 4281 1285 4328 le-

307 4379 369 4440 gitur
379 4377 440 4443 apud
458 4375 598 4432 cerarum,
616 4374 655 4438 qui
667 4379 746 4422 contra
760 4374 785 4420 in
805 4385 875 4432 ayone
894 4387 944 4422 cum
962 4374 1046 4434 circino
1063 4369 1286 4422 Lacedaemoniam·

306 4469 349 4526 dit,
366 4485 424 4535 quac
440 4468 506 4519 verba
523 4466 585 4532 apud
601 4465 701 4514 liemon
720 4479 765 4513 non
782 4464 941 4513 inveniuntur.
