3200 5525
760 704 801 762 29

337 886 582 951 Tanusi'nnuu
605 883 703 949 obiter
734 882 929 949 Juvausms
962 887 1107 947 memorat
1130 884 1192 947 Sat.
1208 883 1265 959 VI,
1364 949 1366 953 ,

293 1019 335 1062 vs.
361 1002 437 1065 576.

370 1183 457 1243 lllius
474 1198 611 1243 occursus
633 1182 723 1241 etiam
744 1181 840 1241 vitare
862 1184 1010 1241 memento

369 1429 621 1450 ......
660 1405 738 1464 qnae
758 1388 873 1447 nullum
894 1388 1020 1448 consulit
1042 1389 1150 1466 etjam

364 1492 535 1570 consulitur,
555 1509 632 1569 quae
653 1496 752 1551 eastra
774 1491 838 1550 viro
856 1491 1042 1568 patriamque
1063 1497 1183 1569 petente

368 1615 427 1657 nou
448 1595 504 1658 ibit
523 1596 634 1674 pariter
653 1595 784 1656 numeris
805 1600 945 1655 revocata
965 1596 1131 1673 Thrasylli.

337 1794 407 1861 Hoc
439 1798 507 1862 loco
531 1795 672 1861 mulieres
695 1794 952 1881 perstringuntur,
974 1817 1051 1880 quae
1072 1796 1262 1863 mathemati-

289 1930 392 1974 corum
404 1911 424 1973 i.
436 1933 461 1974 e.
470 1910 690 1997 astrologorum
707 1908 895 1991 aliorumque
920 1908 985 1992 ejus
1001 1911 1121 1995 generis
1142 1912 1261 1978 artibus

288 2026 418 2090 confisae
452 2027 578 2090 nimiam
601 2047 705 2090 eorum
729 2025 828 2089 effatis
853 2026 942 2090 fidem
960 2025 1090 2090 habeant
1114 2051 1204 2113 seque
1225 2030 1262 2095 ab

286 2138 334 2205 his
355 2140 454 2227 decipi
477 2141 641 2226 patiantur.
665 2138 763 2203 Simul
779 2136 802 2201 J
805 2157 971 2202 uvnunms
990 2140 1072 2225 ipsas
1096 2149 1176 2207 artes
1195 2166 1262 2209 eos·

285 2277 353 2340 que,
375 2256 428 2342 qui
452 2278 501 2321 eas
525 2256 717 2341 profitentur,
740 2274 863 2338 carpere
883 2252 957 2317 mihi
979 2254 1109 2334 videtur,
1125 2262 1215 2342 atque
1227 2260 1261 2323 in

284 2370 323 2435 iis
346 2370 437 2435 etiam
451 2370 693 2447 danisman,
717 2368 754 2433 de
773 2389 834 2451 qno
859 2367 989 2453 legimus
1009 2370 1043 2433 in
1064 2370 1197 2437 Scholiis
1222 2376 1260 2439 ad

284 2486 304 2549 l.
323 2486 359 2550 l.:
385 2486 624 2549 aTnnssrmus
655 2482 821 2547 multarum
853 2484 965 2548 artium
994 2485 1153 2551 scientiam
1190 2511 1260 2573 pro-

286 2599 415 2675 ffessus,
438 2602 589 2683 postremo
611 2618 642 2660 se
663 2596 747 2662 dedit
771 2598 949 2665 Platonicae
969 2606 1068 2667 sectae
1092 2626 1127 2667 ac
1152 2604 1260 2669 deinde

287 2714 444 2790 armathem,
454 2714 487 2778 in
508 2735 568 2798 qua
584 2712 745 2799 praecipue
765 2714 865 2800 viguit
880 2716 967 2802 apud
989 2718 1163 2784 Tranium
1181 2719 1259 2786 cei.”

285 2831 389 2916 Hujus
410 2834 511 2894 autem
522 2829 681 2894 familiaris
701 2852 794 2913 quum
807 2830 885 2894 forte
897 2832 977 2917 apud
989 2835 1179 2900 Aususuum
1192 2858 1259 2901 coe·

284 2948 417 3020 manetur,
451 2944 557 3030 paucis
589 2948 660 3007 ante
694 2943 760 3028 ejus
790 2951 917 3010 mortem
938 2947 1053 3027 diebus,
1075 2955 1110 3014 ut
1129 2952 1259 3038 legimus

283 3062 362 3149 apud
395 3061 594 3125 Sunuomum
621 3059 653 3122 in
678 3059 742 3123 vita
761 3061 916 3126 Aususm
944 3083 1001 3148 cap
1024 3062 1183 3143 XCVIII,
1201 3067 1259 3131 im-

281 3180 402 3264 perator
434 3197 502 3240 cum
538 3171 751 3238 mathematico
782 3196 949 3240 sermonem
974 3176 1114 3244 habuisse
1146 3180 1260 3247 dicitur

277 3296 425 3379 jocosum.
471 3290 576 3362 Quum
603 3287 684 3354 enim
711 3290 893 3354 Aucusnus
927 3312 966 3356 ex
987 3297 1122 3380 tempore
1153 3320 1258 3363 versus

280 3407 401 3475 iecisset
435 3407 469 3470 in
488 3403 632 3468 honorem
657 3402 847 3468 Miseram
873 3406 1039 3491 cujusdam,
1062 3432 1149 3494 quem
1175 3413 1257 3477 Sus-

281 3543 403 3588 noruus
433 3541 529 3584 unum
561 3540 598 3583 ex
633 3517 699 3600 ejus
731 3518 852 3583 dilectis
883 3527 980 3599 vocat,
1026 3524 1257 3592 Tnassmmum

279 3635 480 3724 interrogavit
516 3635 674 3719 cujusnam
710 3637 816 3718 poetae
848 3633 880 3696 hi
912 3657 1017 3701 versus
1051 3645 1169 3718 essent,
1203 3645 1256 3728 qui

279 3754 353 3819 satis
377 3751 476 3839 lepide
503 3747 695 3836 respondisse
713 3751 871 3825 narratur,
897 3748 1114 3837 cujuscumque
1148 3761 1257 3834 essent,

278 3869 409 3954 optimos
429 3887 502 3930 esse.
525 3866 620 3929 Arche
644 3867 745 3928 autem
772 3863 970 3947 conjunctum
983 3887 1052 3930 eum
1071 3867 1165 3932 fuisse
1185 3890 1254 3934 cum

278 3981 423 4047 Trannro
451 3980 655 4043 aSuunouro
671 3981 702 4041 et
731 3977 859 4040 Tecmo
883 3977 1034 4044 docemur.
1081 3981 1255 4050 Traianum

278 4097 359 4162 enim
394 4117 487 4178 quum
519 4093 552 4157 in
588 4090 689 4156 insula
720 4087 831 4154 Rhodo
863 4091 1025 4170 exsularet,
1059 4093 1124 4180 ejus
1160 4101 1254 4164 artem

278 4213 436 4297 expertum
468 4229 533 4272 esse
564 4203 694 4291 legimus
729 4203 811 4289 apud
831 4203 988 4270 Ticinum
1020 4209 1134 4274 Ausul.
1170 4211 1254 4277 Libr.

278 4327 337 4405 VI,
348 4348 415 4412 cap.
441 4322 557 4389 XXVI
582 4319 672 4406 (XX)
698 4341 743 4404 sq.
768 4323 799 4384 et
821 4319 856 4385 in
879 4321 1043 4389 Sunrouu
1068 4325 1132 4391 vita
1156 4326 1255 4392 Tran-

278 4461 328 4507 n11
364 4463 427 4527 cap.
459 4437 551 4518 XIV,
581 4435 633 4520 qui
674 4438 799 4499 narrant
836 4435 1071 4503 Tannsuuauu
1110 4461 1204 4525 paene
1239 4465 1257 4505 a
