3200 5525
805 724 872 791 136

346 915 492 998 spectent,
509 914 618 975 utrum
642 911 680 973 nd
704 909 922 986 Possmnuri,
945 931 984 972 an
1003 909 1153 975 adolium.
1176 908 1324 979 Lipsius

345 1023 420 1090 haec
455 1025 595 1089 adnotat:
620 1024 715 1089 oI‘uit
734 1047 807 1088 sane
826 1023 900 1087 olim
923 1022 1086 1101 CRISPUS,
1108 1025 1231 1089 nomine
1246 1031 1323 1111 genss

342 1140 391 1204 tili
427 1140 566 1220 Vinius,
598 1141 680 1205 inter
710 1139 866 1225 jucundos
900 1160 1067 1225 suavesque
1102 1143 1254 1217 oratores,
1290 1144 1321 1204 et

345 1260 499 1342 ntempore
527 1256 753 1322 Funvlonum
776 1253 950 1339 principum
971 1254 1134 1339 gratiosus.
1157 1253 1265 1318 Potest
1283 1254 1322 1317 ad

345 1369 453 1434 rillnm
476 1370 661 1457 epigramma
684 1391 758 1447 esse,
779 1368 833 1431 sed
856 1366 895 1431 ab
916 1366 1021 1431 exsule
1044 1367 1105 1430 alio
1130 1368 1192 1453 (1):
1215 1373 1322 1431 etnon

344 1489 438 1549 nsunt
457 1486 593 1570 proiecto
610 1483 683 1548 haec
703 1482 806 1568 omnio
834 1481 929 1545 unius
949 1480 1017 1559 viri,
1040 1486 1094 1545 aut
1117 1481 1215 1545 stili.''
1251 1482 1322 1547 Hoc

343 1602 424 1663 certe
461 1599 587 1663 Llrslo
619 1596 708 1661 facile
732 1595 939 1672 concedimus,
962 1596 989 1657 si
1013 1595 1046 1657 in
1070 1595 1233 1662 (tersenis
1259 1597 1321 1662 Vr-

340 1730 435 1780 Bluu
469 1713 617 1800 seriptum
646 1717 692 1776 est
721 1711 801 1775 illud
825 1710 1017 1796 epigramma,
1039 1710 1198 1774 Snnnonn
1213 1716 1321 1775 aucto·

340 1850 403 1892 rem
427 1850 493 1892 esse
517 1850 580 1892 non
605 1826 755 1912 potuisse3
779 1824 832 1889 sed
855 1823 935 1887 nihii
955 1828 1057 1887 tamen
1080 1825 1152 1889 inde
1176 1826 1321 1890 certiores

340 1943 438 2018 timus,
461 1964 479 2005 a
502 1962 562 2028 quo
586 1944 617 2005 et
639 1940 673 2003 in
696 1962 786 2026 quem
810 1938 910 2002 suerit·
926 1937 1052 2001 editum.

387 2056 462 2119 Non
485 2054 637 2119 immerito
665 2058 766 2118 autem
789 2052 1014 2119 Juvminuuni
1033 2052 1171 2117 locutum
1192 2076 1257 2119 esse
1281 2056 1320 2120 de

335 2169 475 2253 jucunde
496 2168 620 2234 Omsi’l
644 2171 799 2231 senectute
823 2164 943 2251 probari
967 2167 1089 2231 videtur
1108 2170 1204 2233 facete
1216 2170 1321 2248 dictis,

341 2305 417 2369 quae
442 2305 460 2346 e
483 2281 683 2367 scriptoribus
706 2280 866 2344 nonnullis
889 2280 1023 2347 ORISPO
1047 2282 1235 2348 tribuuntur.
1258 2285 1319 2349 Le-

340 2396 443 2483 gimus
467 2396 547 2460 enim
573 2395 653 2481 opud
677 2396 891 2461 Sunuonwm
913 2397 948 2459 in
969 2397 1037 2460 otta
1056 2398 1231 2462 Domitiani
1254 2421 1319 2484 cap.

339 2512 411 2574 HI:
445 2511 532 2573 Inter
566 2508 657 2573 initia
679 2509 879 2595 principatus,
901 2509 1039 2595 quotidie
1074 2516 1223 2575 secretum
1259 2512 1317 2576 sibi

341 2623 503 2711 ahorarum
527 2645 644 2687 sumere
667 2622 796 2687 solebat:
820 2644 877 2686 nec
897 2622 1316 2713 quidquamampiius,qusm

341 2761 481 2803 nmuscas
501 2741 630 2825 captore,
653 2759 689 2802 ao
712 2736 784 2802 stilo
804 2739 1134 2826 praeeeutocontigere:
1147 2744 1182 2805 ut
1194 2740 1316 2806 cuidem

342 2853 573 2939 ninterroganti,
581 2858 699 2917 essetne
707 2851 777 2938 quis
788 2850 874 2914 intus
886 2873 957 2915 cum
968 2852 1105 2932 Caesare,
1112 2877 1174 2918 non
1186 2855 1317 2920 absurde

341 2989 538 3055 oresponsum
566 2968 608 3032 sit
627 2990 646 3031 s
666 2966 778 3031 Vinio
815 2963 961 3044 Cium,
984 2990 1022 3031 oe
1043 2991 1146 3032 mecca
1169 2968 1317 3052 quidem?

338 3083 418 3146 Item
443 3081 524 3168 apud
547 3080 827 3152 Quinurmnnum
851 3079 906 3143 Or.
924 3078 1003 3143 Iret.
1026 3079 1111 3144 Libr.
1134 3079 1229 3158 VIII,
1249 3103 1318 3169 oep.

339 3196 381 3274 V,
402 3219 470 3282 pag.
502 3197 585 3259 723:
610 3193 678 3256 oIIx
701 3192 877 3276 inopinato:
900 3195 936 3254 ut
959 3191 1038 3254 dixit
1061 3191 1190 3257 VIBms
1214 3193 1317 3262 0318-

340 3328 429 3376 nnus
461 3308 495 3370 in
526 3329 596 3369 eum
631 3305 693 3391 qui,
728 3327 798 3369 cum
822 3304 969 3367 loricatus
992 3305 1025 3368 in
1048 3305 1115 3369 foro
1137 3307 1317 3388 ambularet,

340 3417 582 3508 epraetendebat,
613 3417 645 3481 id
681 3440 712 3481 se
735 3421 820 3481 metu
842 3418 948 3496 facere,
970 3420 1040 3503 quic
1063 3422 1122 3484 tibi
1142 3424 1188 3485 sie
1210 3425 1319 3488 timere

339 3530 542 3618 opermicitP”
567 3529 619 3594 Sic
642 3534 746 3595 narrat
768 3530 843 3596 Dio
865 3530 1015 3598 Onsslus
1034 3533 1119 3598 Libr.
1131 3535 1233 3613 LXV,
1244 3560 1316 3624 pag.

339 3651 406 3714 734
431 3647 471 3726 D,
495 3646 634 3712 Vinium
658 3646 832 3724 Onrsrunr,
854 3667 948 3733 quum
971 3651 1093 3733 propter
1116 3648 1226 3712 nimias
1249 3649 1313 3716 Vr·

338 3781 462 3828 runnu
482 3761 587 3848 epulas
598 3764 776 3848 aegrotaret,
792 3760 921 3824 dixisse:
946 3774 1179 3850 ,stpttvooq'mb
1201 3778 1314 3842 πάντως

338 3879 392 3952 „riv
403 3873 568 3948 enototqss’

383 3979 510 4066 Saepius
545 3978 636 4043 etiam
673 3976 754 4062 apud
788 3976 1017 4042 Msssulsnuu
1052 3999 1163 4040 nomen
1187 3973 1310 4045 Gonni

336 4097 534 4158 memoratum
556 4089 745 4156 invenimus:
769 4090 852 4177 quod
875 4090 952 4154 dicit
973 4089 1058 4154 Libr.
1081 4089 1140 4168 IV,
1163 4113 1208 4176 ep.
1231 4092 1311 4155 LIV

332 4247 506 4262 -m

370 4297 412 4364 (t)
432 4297 472 4345 His
495 4295 571 4344 verbis
595 4295 688 4344 chsros
707 4293 763 4342 illud
785 4295 916 4357 significare
931 4294 989 4344 mihi
1008 4294 1106 4352 ridetur,
1121 4295 1264 4358 epigramma
1281 4294 1313 4343 od

331 4387 420 4438 -vnrur
447 4383 550 4433 Grrsrou
569 4381 664 4446 quidem
682 4383 796 4445 scriptum
824 4399 875 4434 esee
894 4399 970 4448 posse,
992 4399 1038 4434 uon
1054 4381 1312 4443 necessitatene&

332 4479 362 4528 ab
378 4477 423 4527 elic
438 4473 547 4541 quodem,
563 4473 603 4536 qni
628 4471 693 4522 exsul
710 4479 770 4523 eret.
