3200 5525
786 751 828 811 90

320 934 446 1016 gereret,
481 928 643 993 conficitur
673 951 689 993 o
717 930 832 994 Tncrr.
867 931 980 994 Annat.
1011 930 1095 994 Libr.
1131 928 1205 1009 XV,
1228 951 1295 1017 cap.

320 1043 488 1108 XXVIII:
535 1044 629 1109 nNon
649 1044 802 1109 infensum
821 1066 878 1109 nec
901 1066 971 1107 oum
994 1042 1100 1110 hostili
1120 1044 1192 1109 odio
1208 1044 1296 1109 Con·

322 1178 487 1223 iraunonrs
511 1181 620 1224 nomen
644 1161 734 1224 etiam
753 1159 888 1224 barbaris
908 1158 1090 1237 habebatur,
1113 1182 1209 1244 eoque
1222 1182 1295 1224 oon-

322 1273 446 1338 nsilium
466 1275 531 1359 ejus
555 1275 650 1339 lidum
674 1274 863 1339 credebant.”

365 1389 525 1453 Nonnulla
560 1395 713 1477 praeterea
744 1390 781 1455 de
813 1390 918 1454 eodem
941 1394 1106 1453 memorata
1121 1388 1295 1455 invenimus

181 1538 187 1542 -
319 1503 400 1589 apud
425 1505 576 1569 Pramum
604 1506 690 1569 Hiar.
714 1506 791 1569 Nat.
815 1504 899 1569 Libr.
923 1503 982 1581 VI,
1005 1525 1068 1588 cap.
1088 1503 1185 1582 VIII,
1207 1527 1231 1567 a.
1257 1507 1294 1567 8:

320 1646 407 1684 a...
431 1642 514 1684 nunc
537 1622 682 1685 reddatur
705 1622 815 1708 ingens
845 1620 879 1684 in
902 1619 1122 1684 mediterraneo
1146 1620 1241 1698 sinus,
1260 1619 1294 1684 in

320 1756 400 1818 aquo
437 1737 533 1800 multa
565 1738 654 1801 aliter
688 1759 724 1801 ac
756 1742 871 1802 veteres
891 1735 1083 1823 proditurum
1106 1758 1241 1800 menon
1258 1758 1294 1800 eo

321 1849 464 1930 rtinfitias,
487 1854 578 1917 anxia
594 1853 761 1939 perquisita
785 1875 866 1929 eura,
889 1850 977 1916 rebus
997 1871 1093 1935 nuper
1113 1850 1146 1913 in
1170 1872 1206 1914 eo
1231 1848 1294 1913 situ

319 1968 435 2053 egestis
454 1990 472 2031 a
495 1966 645 2032 Dourrro
674 1968 880 2032 (tonsurans
904 1965 1084 2053 regibusque
1103 1964 1175 2028 inde
1192 1964 1294 2029 missis

319 2080 528 2167 asupplicibus
552 2087 605 2146 aut
625 2104 732 2169 regum
755 2081 860 2146 liberis
888 2076 1072 2144 obsidibus?
1119 2076 1294 2164 Diligenter

317 2198 400 2262 enim
424 2198 559 2262 locorum
580 2203 720 2262 naturam
738 2219 807 2261 eum
830 2196 1004 2261 observasse
1016 2197 1138 2281 apparet
1150 2215 1166 2257 e
1177 2192 1293 2257 anrr

319 2309 403 2374 Hist.
432 2312 509 2378 Nat.
544 2311 629 2376 Libr.
652 2311 693 2391 V,
716 2333 779 2398 cap.
804 2308 928 2386 XXIV,
952 2332 975 2372 s.
1000 2311 1060 2372 20:
1086 2305 1148 2371 lut
1171 2305 1208 2370 de
1228 2303 1293 2368 Ilu-

319 2424 446 2511 aphrate
466 2426 524 2491 hoc
547 2427 581 2491 in
606 2427 673 2491 loco
699 2426 812 2491 dixisse
836 2424 1025 2511 aptissimum
1046 2422 1146 2485 fuerit.
1182 2419 1292 2485 Oritur

319 2539 372 2603 ain
393 2543 580 2627 praefectura
599 2544 760 2607 Armeniae
784 2539 907 2625 majoris
927 2536 1112 2612 Caranitide,
1135 2539 1169 2599 ut
1189 2533 1292 2620 prodi-

319 2632 409 2722 idere
434 2682 472 2722 ex
495 2660 534 2723 iis
558 2659 611 2743 qui
632 2658 928 2744 proximaviderant,
950 2650 1292 2718 DourrrusOouuuno

320 2773 373 2836 nin
390 2780 492 2838 monte
520 2776 588 2841 Aba
613 2772 690 2839 cet.‘'
713 2772 853 2837 Ilundem
865 2773 903 2835 A.
926 2771 966 2834 U.
990 2773 1054 2832 812
1074 2769 1113 2852 (p.
1137 2764 1210 2829 Chr.
1234 2765 1290 2849 59)

318 2886 469 2952 defectum
501 2891 574 2954 solis
606 2888 778 2959 observasse
814 2887 894 2950 idem
926 2885 1069 2949 Pnrnrus
1092 2880 1188 2944 tradit
1207 2878 1291 2943 Libr.

318 3002 362 3080 II,
395 3025 458 3089 cap.
493 3005 596 3084 LXX,
632 3027 654 3068 s.
689 3008 746 3068 72:
772 3001 874 3065 aSolis
895 3001 1045 3064 defectum
1069 2995 1241 3057 Vrrsrnno
1261 2995 1292 3056 et

322 3116 491 3183 aFonunro
524 3142 599 3183 coss.
635 3118 687 3200 qui
714 3118 797 3180 fuere
825 3119 895 3178 ante
930 3130 1041 3197 paucos
1061 3128 1156 3169 annos
1176 3106 1291 3169 factum

321 3207 440 3314 apridie
464 3233 618 3296 Kalendas
642 3231 740 3293 Maias
764 3226 929 3311 Campania
952 3224 1026 3286 hora
1050 3219 1109 3282 diei
1129 3218 1292 3304 intersep-

319 3346 455 3407 atumam
472 3350 502 3409 et
522 3348 657 3407 octavam
684 3341 787 3416 sensit,
819 3340 978 3403 Corn-suno
1002 3333 1121 3400 dunin
1145 3333 1293 3396 Armenia

319 3453 420 3517 ainter
455 3455 558 3518 horam
592 3454 651 3518 diei
685 3453 842 3516 decumam
877 3457 907 3516 et
938 3447 1127 3514 undecimam
1156 3446 1293 3532 prodidit

320 3566 448 3648 avisum,
472 3567 604 3632 circuitu
621 3566 704 3653 globi
717 3566 776 3630 alia
788 3566 857 3630 aliis
869 3566 1028 3652 detegente
1039 3566 1070 3626 et
1081 3557 1290 3626 occultante.’‘

362 3681 472 3748 Restat
507 3688 542 3748 ut
574 3683 610 3746 de
639 3683 856 3747 Oonnunonrs
891 3687 988 3746 morte
1019 3701 1152 3767 agamus,
1175 3698 1292 3760 quaea

316 3795 428 3861 Drons
464 3799 586 3862 Cnssro
612 3802 641 3861 et
674 3821 691 3862 a
727 3789 1292 3877 Ta01romemoratur‚quorumhic

316 3909 404 3975 Hiar.
427 3914 511 3977 tter.
535 3915 580 3992 H,
605 3936 667 3998 cap.
691 3912 838 3980 LXXVI
849 3912 946 3976 obiter
965 3916 1085 3976 tantum
1104 3908 1199 3973 tradit
1223 3930 1292 3972 eum

313 4046 332 4086 a
356 4025 498 4093 Nnnonn
524 4051 588 4094 esse
608 4031 807 4108 trucidatum,
826 4027 878 4092 ille
899 4050 969 4092 vero
981 4027 1065 4092 Libr.
1077 4025 1202 4102 LXIII,
1224 4045 1292 4109 pag.

316 4139 381 4203 722
418 4143 449 4207 D
481 4166 543 4208 rem
576 4147 746 4211 accuratius
778 4147 913 4212 enarrat.
959 4143 1060 4206 Nnuo
1076 4144 1176 4204 autem
1200 4160 1293 4222 quum

309 4255 369 4318 iter
403 4258 515 4323 faceret
547 4258 579 4320 in
616 4259 783 4344 Graeciam,
823 4258 993 4325 nonnullos
1020 4258 1058 4322 ad
1082 4268 1113 4319 se
1132 4251 1295 4328 arcessivit,

308 4389 385 4450 quos
406 4373 444 4436 ad
467 4374 593 4435 mortem
618 4372 768 4443 ducendos
785 4374 939 4453 curarit,
961 4372 1071 4457 quippe
1093 4363 1295 4451 quorumopi-

305 4478 361 4545 bus
385 4485 532 4561 inhiaret3
556 4491 681 4568 pecunia
705 4494 787 4560 enim
803 4491 987 4582 imdigebat
998 4487 1036 4550 ad
1044 4481 1191 4547 Isthmum
1208 4477 1296 4541 Pelo-
