3200 5525
766 692 832 755 149

310 896 387 959 quae
402 872 441 937 od
465 871 613 938 Mnnrun
633 872 785 938 Pnrsouu
811 874 962 959 pertinere
983 872 1059 939 mihi
1071 874 1288 959 videntur‚qui

311 986 475 1074 proconsul
509 986 630 1052 Africae
663 986 765 1067 fuerit,
787 987 841 1052 nbi
865 988 978 1053 animal
1012 988 1091 1054 illud
1125 989 1290 1055 invenitur.

311 1100 419 1167 Minus
443 1100 597 1188 probabile
620 1106 668 1166 est
691 1101 729 1166 de
752 1101 859 1166 eodem
888 1102 1009 1167 Murro
1032 1103 1094 1168 diei
1117 1125 1193 1188 quae
1213 1102 1291 1191 legi-

312 1237 380 1280 mus
392 1215 476 1282 Libr.
500 1217 528 1293 Ι,
551 1238 597 1302 ep.
616 1214 788 1295 LXXXV,
810 1216 863 1281 ubi
876 1216 914 1281 de
933 1216 1120 1282 foeneratore
1131 1215 1224 1303 hujus
1234 1239 1291 1283 nu·

313 1330 404 1395 minis
424 1330 489 1417 agit
508 1336 610 1417 poeta.

358 1559 466 1625 Plures
490 1564 641 1645 praeterea
664 1560 697 1623 in
722 1559 833 1624 Satiris
857 1566 1140 1639 commemorantur,
1161 1580 1292 1646 quorum

313 1674 366 1740 vix
388 1673 551 1759 quidquam
576 1672 699 1737 aliunde
724 1678 856 1752 constat,
878 1674 915 1737 de
938 1673 1049 1759 quibua
1061 1673 1203 1742 brevibus
1223 1694 1291 1741 ver·

314 1787 361 1853 bis
384 1788 538 1855 absolvere
562 1809 737 1874 possumus.

359 2018 422 2082 sat.
445 2016 495 2081 IV
519 2039 562 2082 ve.
592 2019 657 2081 110
682 2014 829 2103 legimus:

608 2238 890 2257 ..........
911 2197 1029 2257 saevior
1049 2198 1102 2259 illo

395 2300 573 2362 Pomrnrue
593 2300 675 2360 tenui
692 2299 816 2377 jugulos
836 2299 954 2378 aperire
971 2316 1101 2361 susurro.

361 2497 490 2561 Saeuum
526 2494 676 2580 quendam
701 2494 867 2560 delatorem
890 2492 941 2558 hio
960 2494 1091 2559 indicari
1111 2496 1186 2559 eatis
1202 2516 1295 2581 appa·

316 2616 378 2690 ret3
402 2610 455 2674 sed
479 2608 617 2694 quisnam
638 2609 731 2674 fuerit
742 2609 800 2673 iste
813 2608 996 2686 romarus,
1006 2631 1069 2673 non
1081 2614 1203 2674 cunstat
1213 2609 1295 2674 inter

315 2723 507 2791 Juvnnnms
530 2724 721 2811 interpretes⁹
753 2746 810 2788 neu
833 2722 923 2788 facile
946 2722 1086 2810 indagari
1110 2724 1223 2811 poterit
1257 2746 1297 2790 ex

316 2843 380 2903 tam
403 2837 521 2901 incerto
547 2837 671 2902 indicio.
718 2838 800 2902 Sunt
825 2838 878 2921 qui
902 2838 1083 2904 Pomrnrum
1108 2839 1296 2906 Rurumvel

316 2952 498 3018 Pomrnrum
517 2951 701 3016 Fanoounu
724 2951 910 3039 intelligant,
933 2953 1015 3036 quod
1038 2958 1140 3018 tamen
1164 2952 1202 3018 ab
1226 2943 1307 3020 aliie

317 3069 478 3133 refutatur.
525 3066 621 3131 Multi
645 3067 768 3150 quidem
796 3066 889 3152 hujus
917 3066 1050 3131 nominis
1074 3091 1093 3132 a
1114 3068 1241 3132 Tremo
1265 3074 1297 3134 et

317 3183 487 3249 Surrorrro
522 3185 736 3261 memorantur,
770 3182 810 3246 ad
845 3180 965 3245 nullum
997 3203 1069 3246 vero
1093 3203 1199 3246 eorum
1223 3180 1298 3248 haee

316 3297 508 3363 Juvnunnrs
529 3298 620 3364 verba
643 3298 747 3363 referri
771 3320 860 3384 posse
892 3296 1042 3364 videntur.
1088 3298 1129 3362 In
1160 3297 1297 3385 epistolia

317 3411 469 3478 Plinianis
481 3413 557 3478 duae
576 3413 777 3480 inveniuntur
802 3411 932 3498 scriptae
957 3410 1298 3497 adPourmuuquen·

319 3530 389 3595 dam
407 3530 599 3607 draconun,
621 3529 737 3593 Parnm
761 3531 903 3607 amioum,
924 3528 958 3592 in
983 3527 1297 3613 quibuetamennihil

318 3643 466 3727 ejusmodi
498 3641 637 3728 legimus,
671 3646 707 3704 ut
731 3641 878 3727 suspicari
903 3641 975 3705 inde
999 3643 1152 3727 possimus
1176 3642 1213 3706 de
1236 3641 1296 3707 hoo

318 3756 471 3824 Pourmo
490 3755 571 3842 apud
590 3755 613 3820 J
614 3775 797 3822 uvnranuum
821 3776 988 3820 sermonem
1007 3777 1080 3820 esse.

264 3949 273 3958 Ν
366 3983 430 4048 Sat.
452 3983 498 4062 H,
520 4006 565 4048 vs.
588 3986 647 4048 21:

401 4203 530 4224 .....
553 4179 626 4236 „ego
647 4166 678 4221 te
698 4165 861 4239 oeventem,
881 4157 1001 4240 Sarra,
1022 4157 1146 4221 verebor
1159 4157 1198 4220 ?''

401 4263 521 4325 infamis
540 4264 674 4327 Varillus
693 4263 746 4344 ait,
768 4281 827 4341 quo
848 4262 976 4324 deterior
996 4261 1057 4324 te?

367 4438 498 4505 Snxrue
529 4435 597 4515 iste,
630 4457 719 4522 quem
738 4441 829 4525 polita
849 4435 888 4504 ob
911 4432 1069 4503 libidinem
1092 4430 1299 4522 tmpiesimum
