3200 5525
780 727 821 789 97

314 904 397 969 bibr.
418 905 445 982 I,
469 926 532 991 cap.
554 906 647 970 VIII:
673 906 768 971 uDux
788 906 900 986 deerat,
909 907 1042 973 abducto
1055 907 1227 974 Vnuernro
1234 930 1288 997 per

314 1020 557 1085 assimulationem
582 1020 745 1098 amicitiae3
769 1042 858 1105 quem
870 1044 931 1085 non
952 1022 1066 1087 remitti
1087 1027 1176 1108 atque
1196 1024 1288 1089 etiam

316 1157 419 1200 'rreum
444 1159 508 1200 esse
521 1140 665 1219 tanquam
678 1157 766 1199 suum
784 1137 898 1200 crimen
919 1137 1139 1222 accipiebant;''
1162 1139 1290 1203 infama-

313 1255 398 1313 verat
418 1250 498 1315 euim
522 1272 589 1314 eum
603 1251 721 1337 legatus
745 1251 873 1315 Fuluus
887 1251 1033 1316 Vunnus
1056 1253 1095 1316 Iu
1112 1254 1177 1338 ejus
1189 1254 1290 1319 locum

313 1364 410 1450 igitur
434 1365 546 1429 milites
571 1364 763 1429 Vrrnrnruu
783 1366 891 1429 ducem
904 1366 963 1430 sibi
975 1367 1141 1454 elegerunt,
1162 1390 1291 1453 eumque

314 1479 525 1564 imperatorem
546 1480 731 1556 salutarunt3
755 1479 809 1564 qui
833 1502 925 1563 quum
940 1480 1049 1546 deinde
1061 1504 1130 1546 cum
1148 1483 1290 1547 Onnoun

226 1578 229 1581 .
313 1594 350 1658 de
370 1594 543 1680 principatu
567 1594 772 1672 contenderet,
795 1592 911 1659 abhoc
935 1595 1088 1659 consulem
1108 1618 1173 1661 esse
1197 1597 1291 1663 desti·

313 1715 420 1773 natum
439 1709 639 1772 Vnnoruruu
656 1708 786 1794 legimus
810 1709 891 1793 apud
923 1709 1080 1773 Taetrum
1100 1709 1187 1776 Hiar.
1206 1713 1291 1777 libr.

314 1825 341 1901 I,
363 1846 427 1909 cap.
447 1822 625 1887 LXXVII:
650 1829 705 1885 aut
721 1823 844 1907 aliquod
869 1823 1016 1887 exercitui
1037 1823 1219 1890 Germanico
1239 1827 1292 1891 de·

316 1936 564 2008 ‘docimentum’
612 1936 697 2001 Huic
716 1937 813 2023 igitur
836 1936 1012 2022 imperatori
1036 1938 1136 2002 edbrit
1158 1939 1191 2001 in
1211 1939 1291 2005 bello

314 2063 421 2116 contra
440 2051 641 2129 Vitellianos3
665 2052 718 2116 sed
742 2042 836 2136 quum
862 2051 959 2115 Orno
982 2056 1052 2137 post
1071 2074 1204 2139 pugnam
1231 2053 1291 2119 Be·

315 2166 501 2231 driacensem
533 2165 705 2231 voluntaria
728 2171 824 2231 morte
849 2166 886 2230 de
911 2166 975 2231 vita
999 2167 1204 2232 decedendum
1229 2173 1291 2233 sta-

313 2282 431 2360 tuisset,
466 2281 579 2345 milites
614 2280 779 2345 Vnnerrur
811 2280 933 2344 domum
959 2280 1132 2346 obsidentes
1156 2283 1291 2349 minitati

312 2404 393 2477 sunt,
404 2400 532 2462 fortasse
544 2396 626 2481 qnod
646 2399 799 2459 auctorem
812 2418 879 2459 eum
897 2400 1040 2481 putarent
1052 2396 1165 2461 funesti
1179 2398 1291 2463 Orno·

312 2536 368 2577 urs
389 2511 518 2577 consilii.
564 2514 608 2575 At
628 2512 654 2574 is
678 2510 810 2595 strepitu
837 2510 942 2574 audito
971 2532 1096 2595 propere
1116 2510 1291 2590 intervenit,

310 2626 477 2689 tumultum
506 2624 623 2689 sedavit
660 2646 716 2687 nec
752 2624 806 2687 diu
839 2628 908 2709 post
944 2646 1066 2688 manum
1095 2624 1154 2688 sibi
1173 2624 1290 2689 intulit

311 2740 439 2826 Sepulto
463 2740 603 2804 Onnonn
627 2739 740 2803 milites
771 2739 883 2804 iterum
912 2738 1084 2804 Vnncruro
1107 2740 1290 2827 persuadere

311 2853 413 2920 conati
435 2859 516 2931 sunt,
537 2859 573 2917 ut
595 2853 755 2938 imperium
779 2853 954 2939 susciperet,
977 2854 1028 2937 qui
1041 2859 1152 2932 tamen,
1175 2860 1288 2920 utnar·

312 2975 360 3034 rat
391 2969 539 3033 Tncrrus
573 2968 662 3031 Hiat.
697 2968 782 3030 hier.
814 2968 860 3045 II,
884 2989 947 3052 cap.
970 2968 1032 3032 LI:
1057 2992 1130 3054 uper
1154 2992 1288 3035 aversam

313 3084 441 3149 ndomus
461 3087 575 3168 partem
592 3081 699 3146 furtim
724 3081 879 3167 digressus
899 3081 1103 3166 irrumpentes
1126 3083 1291 3150 frustratus

314 3197 415 3265 ‘rests'
453 3197 530 3262 Mox
550 3201 652 3260 tamen
674 3217 741 3258 eum
765 3193 931 3258 Vmorem
955 3195 987 3259 in
1011 3196 1141 3283 gratiam
1165 3196 1291 3264 rediisse

311 3313 441 3390 videtur,
464 3316 544 3376 certe
564 3311 645 3398 apud
668 3333 737 3374 eum
759 3332 900 3374 coenasse
916 3315 1019 3374 narrat
1039 3311 1286 3378 TrcrrusHiet.

312 3429 395 3494 Lib.
419 3429 464 3505 H,
487 3449 550 3512 cap.
574 3426 731 3502 LXVIII,
753 3425 881 3510 quodie
901 3425 1063 3490 imminens
1082 3427 1140 3491 sibi
1164 3428 1289 3514 pericu·

310 3545 372 3609 lum
393 3543 444 3607 vix
465 3542 581 3628 effugit.
627 3540 708 3603 Rixa
739 3540 821 3603 enim
849 3545 954 3604 exorta
976 3543 1057 3605 inter
1088 3541 1288 3628 legionarium
1388 3598 1391 3602 .

311 3657 460 3741 quendam
485 3659 516 3719 et
536 3654 663 3717 militem
683 3652 812 3717 eGallis
833 3651 1041 3729 auxiliaribus,
1065 3676 1193 3738 magnus
1205 3677 1288 3718 com·

312 3775 413 3834 motus
438 3773 484 3833 est
507 3766 667 3844 tumultus,
689 3767 721 3830 in
739 3788 798 3850 quo
821 3765 986 3829 Vnncrun
1003 3787 1116 3843 servus,
1138 3767 1191 3850 qui
1210 3767 1289 3833 forte

312 3883 462 3948 militibus
497 3882 604 3946 obvius
640 3885 713 3957 erat,
737 3879 933 3944 insimulatus
953 3885 1000 3943 est
1021 3879 1141 3944 consilii
1165 3879 1289 3944 Vrrnn·

310 4015 396 4061 muru
417 3995 586 4073 occidendi,
609 4017 668 4078 qua
684 3994 879 4058 accusatione
895 3993 1008 4071 audita,
1031 3993 1182 4058 exercitus
1200 3993 1289 4060 Vnu-

309 4131 398 4176 c1u11
422 4116 549 4174 mortem
581 4109 618 4174 ab
646 4109 826 4194 imperatore
858 4108 1055 4194 exposcebat3
1078 4131 1167 4193 quem
1186 4113 1289 4174 tamen

310 4225 476 4289 tumultum
500 4224 616 4288 sedavit
641 4222 826 4286 Vrunnmus
839 4227 870 4286 et
881 4223 983 4308 ipsum
999 4223 1210 4302 Vnncruruu,
1234 4226 1291 4290 du·
1409 4217 1411 4222 ’

309 4342 411 4407 bitans
435 4339 572 4424 quamvis
597 4339 633 4402 de
659 4339 723 4423 ejus
747 4337 932 4415 innocentia,
955 4339 1137 4404 incolumem
1162 4363 1180 4403 a
1200 4362 1232 4403 se
1244 4338 1291 4402 di-

310 4457 396 4522 misit
421 4477 517 4538 neque
542 4475 648 4540 passus
672 4457 717 4517 est
742 4453 769 4518 ei
794 4453 857 4518 vim
881 4454 987 4518 inferri
1008 4477 1026 4518 a
1046 4452 1205 4531 militibus,
1216 4475 1291 4536 quo·
