3200 5525
798 697 862 763 tta

347 880 543 947 »minationis
563 881 733 951 admiserat.
756 882 820 968 pari
854 880 997 968 cupidine
1026 903 1122 965 usque
1159 883 1196 947 ad
1232 881 1323 949 libita

348 999 576 1063 nPnunArtrrs
600 996 760 1081 provoluta
775 1001 807 1060 et
830 997 963 1060 exercita
986 996 1023 1059 ad
1048 1018 1136 1062 omne
1168 999 1322 1085 flagitium

347 1113 467 1199 rrpatrui
499 1109 649 1198 nuptiis''

391 1228 586 1312 Quantopere
609 1230 708 1289 autem
734 1226 879 1291 Paneas
904 1226 1050 1311 principis
1063 1231 1200 1291 uteretur
1218 1229 1323 1293 favore

345 1348 376 1407 et
400 1365 417 1406 a
441 1346 547 1405 senatu
583 1340 740 1415 coleretur,
775 1340 915 1425 apparuit
942 1340 1081 1425 inprimis
1117 1345 1155 1405 A.
1180 1342 1219 1407 U.
1253 1348 1320 1410 805

346 1459 387 1543 (p.
411 1456 482 1521 Chr.
504 1459 559 1541 52)
585 1459 621 1518 ut
640 1477 696 1518 nos
717 1454 806 1519 docet
829 1454 987 1521 Taetrus
1011 1458 1124 1520 Artuul.
1144 1456 1230 1521 Libr.
1243 1458 1324 1537 XII,
1422 1434 1424 1436 Ι

346 1595 410 1658 cap.
445 1571 536 1635 Lttr.
582 1570 652 1641 Quo
676 1591 755 1633 anno
779 1590 871 1654 quum
895 1569 1095 1635 Paccium
1120 1576 1243 1635 auctore
1269 1573 1320 1659 (l)

346 1687 385 1751 ad
421 1690 558 1750 senatum
590 1684 717 1749 relatum
742 1689 822 1748 esset
842 1684 879 1749 de
902 1705 998 1770 poena
1033 1686 1222 1764 feminarum,
1244 1708 1323 1771 quae

346 1823 415 1865 eum
449 1799 543 1864 servis
574 1820 637 1863 rem
665 1797 851 1875 habuissent,
881 1797 955 1862 haec
977 1821 1025 1862 res
1048 1800 1259 1885 potentissimo
1283 1802 1324 1867 li-

345 1916 431 1982 berto
466 1936 610 2001 magnum
645 1912 789 1978 honorem
822 1912 940 1990 attulit3
976 1914 1106 2000 legimus
1141 1917 1220 1980 enim
1240 1916 1261 1981 l.
1285 1916 1324 1981 l.:

347 2029 557 2095 uPanunrtrr
560 2077 756 2091 .......
791 2029 941 2113 praetoria
975 2029 1110 2115 insignia
1141 2034 1172 2094 et
1206 2030 1325 2095 centies

347 2144 567 2229 nquinquagies
596 2141 769 2207 sestertium
790 2143 910 2207 censuit
927 2144 1034 2207 consul
1059 2144 1236 2230 designatus
1254 2144 1325 2210 Ba·

346 2274 434 2322 unna
458 2257 629 2321 Soranus:
653 2256 790 2319 additum
815 2279 833 2319 a
852 2256 1024 2323 Serrrortn
1044 2258 1241 2338 Corniculo,
1251 2282 1326 2347 gra-

348 2376 414 2436 ntes
449 2369 569 2457 publiea
588 2370 729 2457 agendas,
751 2368 833 2454 quod
853 2369 975 2456 regibus
995 2371 1143 2436 Arcadiae
1164 2378 1251 2436 ortus
1270 2395 1326 2438 ve·

349 2486 522 2550 rterrimarn
554 2485 744 2549 nobilitatem
769 2485 838 2548 usui
863 2485 986 2571 publico
1014 2491 1210 2572 postponeret
1233 2510 1327 2572 seque

348 2602 449 2665 rinter
480 2600 636 2665 ministros
660 2599 814 2684 Principis
837 2598 939 2664 haberi
960 2601 1079 2664 sineret.
1126 2603 1326 2667 Asseveravit

349 2717 565 2795 taceremus,
588 2719 766 2781 contentum
790 2713 904 2780 honore
928 2715 1326 2804 Pancnrtrunintrapri-

349 2856 452 2898 rorem
486 2836 692 2918 paupertatem
727 2830 906 2894 subsistere:
942 2835 973 2894 et
997 2832 1090 2894 fixum
1114 2837 1161 2895 est
1184 2854 1250 2896 aere
1266 2855 1327 2919 pu-

350 2948 448 3012 ublice
475 2947 521 3032 (2)
548 2945 855 3021 senatusconsultum,
878 2967 938 3029 quo
959 2945 1121 3009 libertinus
1134 2945 1265 3010 sestertii
1276 2951 1328 3013 ter

351 3062 470 3127 nmilies
490 3081 644 3147 possessor
669 3059 811 3144 antiquae
835 3059 1036 3145 parcimoniae
1056 3059 1197 3124 laudibus
1217 3083 1328 3129 eumu-

351 3176 521 3243 nlabatur.'’
566 3173 690 3238 Praeter
711 3173 880 3239 Taetrum
903 3173 1050 3239 Pennus
1068 3174 1328 3242 aeconomiae

350 3292 431 3355 dere
443 3289 626 3353 mentionem
649 3287 733 3363 facit,
756 3289 809 3373 qui
829 3288 1031 3352 adulationem
1045 3295 1167 3354 senatus
1179 3295 1209 3355 et
1220 3291 1327 3357 liberti

351 3403 545 3470 insolentiam
576 3400 783 3488 perstringens
812 3402 935 3487 scripsit
967 3403 1063 3468 amieo
1087 3404 1207 3470 cuidam
1226 3405 1328 3470 Mon-

350 3539 443 3584 'rArto
474 3517 550 3581 duas
569 3516 721 3602 epistolae,
744 3538 821 3601 quae
843 3516 1043 3581 inveniuntur
1072 3518 1156 3583 Libr.
1180 3519 1256 3598 VII,
1278 3544 1327 3609 ep.

351 3632 469 3699 XXIX
500 3636 531 3696 et
554 3631 641 3696 Libr.
663 3631 757 3707 VIII,
781 3653 827 3715 ep.
852 3629 911 3696 VI.
959 3632 998 3694 In
1023 3631 1077 3696 illa
1103 3637 1202 3698 autern
1221 3645 1328 3702 narrat

350 3771 382 3813 se
403 3746 514 3813 vidisse
541 3748 575 3810 in
602 3746 651 3810 via
672 3745 836 3808 Tiburtina
856 3742 1067 3813 Proclama
1086 3754 1329 3831 monumentum,

351 3863 399 3928 cui
412 3846 602 3945 ‘inscriptum
626 3861 706 3922 erat:
731 3857 825 3921 rbuic
849 3860 971 3921 senatus
995 3859 1033 3924 ob
1057 3861 1147 3925 fidem
1166 3863 1329 3949 pietatem-

352 4026 534 4050 ...n-nd

386 4114 429 4182 (1)
449 4113 547 4161 Trcrrus
566 4109 582 4158 Ι.
601 4109 616 4158 l.
634 4109 678 4156 bac
699 4108 734 4157 sic
750 4109 874 4171 exprimit:
894 4125 973 4175 »quem
991 4119 1128 4176 repertorem
1144 4119 1195 4179 ejus
1209 4117 1331 4170 relationis

350 4204 465 4256 ediderat
480 4197 590 4256 Caesar‚··
606 4197 636 4247 da
652 4211 696 4262 qua
711 4211 766 4246 racc
783 4198 815 4246 cf.
835 4198 919 4249 draci.
939 4200 1000 4251 libr.
1019 4201 1053 4252 11:
1072 4219 1124 4268 cap.
1142 4203 1213 4257 xxx
1229 4208 1329 4260 emp„

351 4295 389 4350 lV,
406 4307 457 4354 cap.
474 4284 520 4336 xi.

387 4381 430 4451 (2)
450 4376 542 4429 Scribit
567 4383 644 4424 autem
675 4371 767 4425 Ptrruus
784 4376 859 4440 Epr'st,
876 4379 938 4428 Ltbr.
956 4379 1025 4438 vrit,
1039 4398 1078 4445 ep.
1097 4383 1134 4438 Vl,
1152 4384 1232 4448 sia:
1250 4387 1333 4452 »idque

350 4471 527 4534 »castigaretur
543 4464 572 4516 ad
589 4469 690 4514 statuam
708 4463 828 4520 loricatam
844 4468 892 4520 diri
908 4468 990 4520 tutu.n
