3200 5525
737 716 801 777 143

280 894 367 958 Idem
392 893 552 957 conficitur
574 916 611 957 ex
631 893 827 959 Maarraurs
850 896 869 959 1.
882 896 900 960 l.
914 903 989 962 rs.5
1008 921 1058 983 sq:

359 1077 428 1137 Non
448 1076 616 1153 quicunque
634 1076 715 1153 capit
735 1080 885 1138 saturatas
907 1080 1018 1141 murIce
1040 1085 1152 1158 vestes,

399 1195 457 1239 nec
476 1177 534 1238 nisi
548 1176 663 1238 deliciis
685 1179 825 1239 convenit
845 1179 903 1239 iste
924 1182 1013 1241 color.

324 1353 405 1417 Sunt
439 1351 531 1415 etiam
561 1350 613 1435 qui
645 1372 813 1438 cognomen
848 1353 912 1437 ejus
935 1356 1150 1433 vellicatorem,
1172 1358 1253 1439 quod

277 1466 391 1555 legitur
414 1468 448 1531 in
483 1465 607 1531 Scholio
631 1466 712 1551 apud
736 1465 845 1535 Barth.
869 1468 949 1533 Adv.
969 1468 1065 1546 XIII,
1090 1473 1131 1533 13
1153 1470 1254 1533 molli-

276 1581 349 1646 tiem
373 1584 404 1645 et
423 1581 575 1645 luxuriam
598 1580 733 1645 indicare
750 1581 951 1667 suspicentur,
974 1583 1056 1667 quod
1076 1584 1203 1649 sortasse
1216 1585 1252 1649 de

276 1697 359 1784 turpi
379 1697 482 1785 potius
505 1696 632 1761 libidine
657 1690 773 1760 dicium
798 1696 848 1759 sit.

322 1814 362 1876 In
397 1814 459 1876 sat.
496 1811 545 1874 IV
569 1809 665 1896 magis
690 1810 780 1873 etiam
804 1812 1021 1897 perstringitur
1049 1819 1080 1877 et
1104 1814 1251 1879 maximae

276 1931 435 1991 accusatur
469 1924 641 2001 foeditatis3
674 1946 718 1987 vs
743 1929 762 1986 2
784 1925 864 1987 enim
889 1934 1053 1989 monstram
1076 1929 1167 1990 nullu
1189 1930 1252 1993 vir-

275 2048 342 2105 tute
360 2041 543 2124 redemptum
567 2060 635 2101 eum
659 2041 748 2101 vocat
760 2041 858 2122 potita,
875 2037 925 2100 cni
942 2038 1063 2102 crimini
1076 2039 1128 2103 dat
1140 2040 1252 2105 foedis-

275 2153 381 2218 simam
396 2153 568 2231 libidinem;
591 2152 702 2217 uiduus
721 2151 803 2215 enim
815 2160 935 2217 tantum
946 2161 1109 2237 spernatur
1121 2155 1252 2236 adultam

274 2273 305 2334 et
340 2291 409 2333 cum
438 2268 592 2332 sacerdote
618 2266 753 2351 jacuisse
788 2271 938 2344 narratur,
961 2268 981 2331 i.
997 2290 1022 2331 c.
1046 2290 1114 2332 cum
1131 2268 1250 2356 virgine

273 2382 402 2461 Vestali,
423 2387 459 2447 ut
478 2382 568 2447 facile
592 2381 789 2446 conficiture
814 2355 913 2447 verbis
938 2382 1050 2445 additis
1075 2392 1249 2447 terramte-

272 2499 382 2564 da'tcrc.
405 2496 456 2562 Ad
475 2496 533 2561 hoc
557 2500 657 2561 autem
677 2496 829 2583 flagitium
854 2500 989 2582 spectare
1008 2496 1083 2560 mihi
1106 2496 1250 2562 videntur

272 2611 363 2677 verba
395 2610 591 2689 Scholiastac,
615 2633 632 2674 a
656 2632 715 2695 quo
739 2614 866 2675 vocatur
887 2631 987 2673 rannus
1011 2610 1048 2673 de
1072 2610 1248 2676 oonsulibus

271 2724 478 2790 cherrima?
525 2723 697 2788 Dourrrus
734 2726 836 2804 autem
856 2722 1079 2789 Oannnaruus
1104 2724 1246 2790 adnotat:

270 2837 511 2903 nDorrrrrarrus
540 2860 610 2902 cum
641 2838 759 2902 incesta
778 2838 933 2923 virginum
953 2839 1125 2904 Vestalium
1146 2863 1247 2906 severe

271 2959 453 3031 accerseret,
475 2957 577 3016 tamen
602 2952 764 3016 Cursrrno
788 2953 926 3018 adultero
946 2956 1106 3020 notissimo
1130 2961 1162 3022 et
1184 2957 1246 3023 rir-

271 3067 374 3155 aiginis
395 3065 530 3130 Vestalis
554 3066 720 3152 stupratori
739 3064 947 3152 ignoscebat.''

315 3181 455 3246 Eundem
480 3179 622 3267 gulosum
648 3179 826 3264 deliciisque
845 3180 944 3245 omnis
963 3182 1085 3268 generis
1109 3183 1245 3251 deditum

267 3297 362 3361 fuisse
396 3297 430 3359 in
458 3296 522 3362 Sat.
560 3293 610 3357 IV
634 3295 809 3372 affirmatur,
831 3294 940 3378 quibus
973 3295 1062 3360 facile
1085 3296 1245 3384 indulgere

266 3433 335 3476 eum
359 3411 494 3498 potuisse
518 3413 553 3473 ut
573 3407 699 3474 divitem
719 3414 843 3494 apparet
863 3432 879 3473 e
903 3433 946 3476 vs,
972 3414 1012 3475 15
1038 3434 1112 3496 sqq,
1131 3411 1184 3476 ubi
1197 3414 1243 3478 di-

267 3525 348 3590 citur
378 3524 497 3612 ingenti
530 3523 637 3608 pretio,
667 3545 719 3586 sex
744 3523 862 3586 scilicet
882 3524 1014 3599 milibus,
1036 3526 1165 3591 mullum
1185 3528 1243 3592 sibi

265 3639 381 3717 emisse,
417 3643 446 3701 et
483 3661 526 3702 vs.
560 3641 603 3701 28
637 3660 701 3721 sqq.
726 3637 790 3720 ejus
814 3635 964 3722 gulositas
976 3636 1035 3702 hoc
1058 3640 1148 3704 modo
1161 3663 1243 3707 acer-

232 3790 234 3795 ·
264 3754 388 3819 bissimc
408 3757 540 3817 notatur:

345 3937 448 4012 quales
469 3942 539 3997 tunc
561 3937 664 4013 epulas
683 3935 782 4013 ipsum
802 3935 928 4010 glutisse
948 3938 1088 4013 putamus

343 4039 590 4117 induperatorem,
611 4057 677 4100 cum
695 4043 741 4099 tot
761 4039 901 4100 sestertia
921 4042 1037 4116 partem

341 4145 479 4218 exiguam
500 4147 531 4204 et
550 4143 683 4203 modicae
703 4146 851 4221 sumptam
872 4143 910 4203 de
931 4143 1064 4217 margine
1085 4160 1175 4204 cenae

340 4263 504 4324 purpureus
525 4247 625 4322 magni
645 4245 768 4306 ructarit
790 4262 891 4304 scurra
911 4245 1023 4315 Palati,

335 4349 400 4425 jam
420 4347 557 4426 princeps
578 4346 719 4426 equitum,
741 4365 850 4423 magna
870 4348 922 4425 qni
942 4365 1014 4410 voce
1034 4349 1149 4413 solebat

338 4451 466 4514 rendere
487 4450 651 4529 municipes
672 4449 767 4513 fracta
788 4450 826 4512 de
847 4469 943 4514 merce
964 4452 1080 4514 siluros.
