3200 5525
696 696 821 800 'ae

310 921 488 999 restituisse,
511 921 598 1005 cujus
623 920 792 985 severitatis
816 920 986 1005 exemplum
1005 918 1084 984 illud
1108 923 1204 987 affert:
1222 926 1289 991 nfe-

310 1042 461 1121 aruntque
496 1035 633 1113 militem,
666 1034 739 1118 quia
773 1034 888 1099 vallum
911 1056 974 1098 non
998 1034 1173 1115 accinctus,
1194 1043 1291 1122 atque

310 1153 433 1230 salium,
463 1153 534 1237 quia
564 1150 696 1237 pugione
720 1154 841 1214 tantum
866 1150 1022 1214 accinctus
1047 1150 1174 1229 foderet,
1190 1158 1291 1218 morte

309 1264 483 1353 'ipunitos''
529 1265 616 1337 Quae
639 1265 666 1328 si
686 1286 757 1329 vera
773 1264 845 1342 sint,
868 1262 951 1347 quod
970 1263 1035 1349 ipse
1060 1264 1209 1330 Ticinus
1229 1266 1289 1333 du·

309 1380 405 1445 bitare
428 1379 558 1457 videtur,
580 1377 712 1443 erudelis
735 1378 839 1463 potius
860 1400 951 1461 quam
972 1399 1093 1442 severus
1111 1378 1154 1443 sit
1173 1378 1289 1446 haben·

309 1496 374 1561 dus.
397 1497 540 1562 Ceterum
559 1494 651 1557 nimis
675 1515 815 1577 asperum
838 1514 1004 1578 parumque
1027 1492 1193 1559 humanum
1217 1518 1288 1561 eum

307 1611 402 1676 fuisse
421 1610 544 1675 aliunde
568 1608 642 1673 satis
662 1612 791 1672 constat.
814 1607 994 1673 Rebellione
1013 1608 1105 1673 etiam
1116 1608 1288 1675 Frisiorum

308 1725 414 1790 sedata
439 1725 602 1790 Oonnuno
627 1722 841 1787 Gnuuiscun
862 1745 915 1809 per
940 1722 1065 1787 sicarios
1084 1724 1288 1790 occidendum

309 1840 435 1919 curavit,
470 1862 530 1925 qua
549 1839 639 1903 caede
659 1838 731 1903 belli
752 1838 880 1925 gloriam
903 1837 1068 1902 maculavit
1088 1843 1128 1915 et,
1151 1844 1188 1903 ut
1210 1840 1290 1905 dicit

309 1954 466 2031 Ticinus,
478 1955 613 2017 nsemina
636 1952 812 2017 rebellionis
836 1950 1027 2037 praebebat,’'
1052 1974 1144 2035 quum
1169 1953 1287 2020 Chauci

309 2068 347 2133 ob
370 2072 490 2133 tantum
513 2067 632 2131 facinus
655 2066 808 2152 indignati
832 2065 945 2130 bellum
969 2066 1112 2131 adversus
1132 2068 1290 2134 Romanos

309 2182 483 2247 renovaturi
498 2204 563 2245 esse
585 2180 770 2246 uiderentur.
816 2180 975 2245 Praeterea
986 2162 1149 2269 imperator
1173 2182 1289 2249 (inuu-

309 2314 398 2374 n1us,
431 2294 605 2359 rumoribus
639 2293 818 2377 quibusdam
841 2294 878 2358 de
901 2294 1106 2361 Gonnunonn
1127 2296 1291 2383 evulgatis,

309 2414 393 2473 metu
424 2433 463 2475 nc
495 2409 552 2475 sibi
577 2409 747 2496 periculum
783 2432 820 2473 ex
856 2432 891 2474 ea
914 2432 946 2475 re
978 2411 1158 2491 immineret,
1181 2414 1286 2479 reterri

309 2526 457 2611 praesidia
481 2526 525 2590 cis
548 2524 691 2590 Rhenum
707 2523 809 2607 jussit.
834 2524 906 2596 Quo
927 2526 1035 2589 nuntio
1053 2530 1176 2611 accepto
1200 2527 1288 2591 Con·

264 2653 279 2667 ·
310 2659 472 2704 nunonnn
496 2638 609 2703 dixisse
631 2640 765 2702 tantum:
791 2636 914 2702 abeatos
934 2640 1086 2723 quondam
1110 2640 1203 2705 duces
1221 2641 1288 2707 Ru-

310 2752 476 2819 rtmanos!‘'
513 2759 544 2819 et
576 2754 698 2840 signum
728 2753 864 2839 receptui
901 2754 1019 2820 dedisse
1054 2754 1183 2842 legimus
1205 2756 1287 2843 apud

310 2867 467 2933 Tucrruu
496 2870 609 2933 Αοοοί.
633 2865 718 2932 Libr.
739 2867 800 2946 Xl,
823 2889 887 2954 cap.
914 2868 988 2934 XX.
1012 2871 1062 2935 Ne
1085 2876 1185 2936 tamen
1205 2872 1288 2937 mili-

309 2981 393 3048 tibus
414 2981 478 3046 suis
501 2982 599 3047 otium
618 2981 729 3046 inutile
765 2986 853 3059 esset,
883 2982 995 3046 fossam
1029 2982 1171 3050 Rhenum
1206 2986 1289 3051 inter

309 3102 341 3164 et
360 3098 480 3164 Mosam
501 3097 538 3163 ab
562 3097 601 3161 iis
621 3094 790 3159 ducendam
809 3095 936 3158 curavit.
984 3095 1070 3158 Hinc
1085 3096 1214 3162 Romam
1235 3122 1284 3165 re·

310 3236 396 3280 verso
419 3214 583 3297 imperator
606 3206 793 3290 triumphum
819 3207 978 3270 concessit.
1000 3206 1114 3271 Eadem
1137 3209 1290 3294 ferequae

311 3327 468 3403 Thorius,
494 3322 589 3386 tradit
612 3341 731 3402 quoque
766 3315 835 3381 Dlo
862 3318 1003 3382 Cnssrus
1021 3320 1105 3386 Libr.
1128 3323 1200 3403 LX,
1218 3349 1288 3415 pag.

311 3444 376 3505 685
392 3438 428 3502 de
436 3437 654 3499 Gonnunorns
667 3429 860 3517 expeditione
880 3431 914 3495 in
939 3432 1141 3511 Germaniam,
1163 3439 1288 3506 sedhoc

308 3575 371 3617 uno
383 3551 421 3616 ab
440 3549 495 3612 illo
508 3548 619 3624 differt,
641 3545 724 3631 quod
736 3550 841 3610 narrat
854 3545 1088 3614 Conuunounu
1100 3573 1192 3635 quum
1216 3560 1287 3640 post

307 3664 495 3752 triumphum
508 3664 606 3726 denuo
631 3661 726 3746 copiis
750 3667 903 3746 praeesset
922 3663 1034 3727 fossam
1054 3664 1138 3729 illam
1155 3668 1286 3733 duxisse.
1365 3667 1367 3673 ’

310 3782 389 3846 Tum
408 3777 642 3864 indignantibus
662 3775 725 3840 illis
751 3774 969 3840 Consursours
994 3778 1092 3842 verbis
1104 3778 1286 3848 hancetiam

306 3895 455 3960 rationem
475 3891 576 3956 addit:
602 3905 650 3976 „ir
671 3903 797 3972 δήλωσιν
818 3903 866 3957 ὅτι
889 3912 952 3966 τοῖς
975 3898 1028 3975 μὲν
1056 3904 1216 3973 ἀκινδύνως
1236 3908 1285 3965 οἷν·

308 4021 531 4100 δραγαθὶζοσθαο
553 4020 627 4094 ἐξῆν,
649 4016 741 4079 αὐτὸς
762 4009 790 4070 δ’
799 4014 855 4070 ὑπὸ
873 4020 925 4071 τοῦ
938 4015 1152 4092 αὐτοκράτορος
1173 4019 1285 4078 διάτόν

307 4135 418 4204 φθόνον
439 4129 623 4198 &venaticum

354 4232 440 4298 Idem
476 4232 614 4295 Nnnour
645 4249 765 4311 quoque
801 4226 881 4290 fidus
908 4226 977 4303 fuit,
999 4247 1017 4288 a
1041 4247 1101 4309 quo
1120 4230 1283 4296 Armeniae

307 4347 492 4436 praelectum
528 4341 621 4405 fuisse
653 4340 734 4426 apud
777 4340 940 4424 scriptores
976 4338 1115 4404 laudatos
1155 4343 1284 4429 legimus

305 4486 364 4548 qua
400 4461 436 4527 dc
464 4481 496 4524 re
532 4456 622 4542 paulo
659 4455 787 4520 ulterius
811 4457 1023 4540 exponendum
1056 4480 1119 4522 esse
1151 4458 1281 4526 videtur.
