<?xml version="1.0" encoding="UTF-8"?>
<!DOCTYPE html PUBLIC "-//W3C//DTD XHTML 1.0 Transitional//EN"
    "http://www.w3.org/TR/xhtml1/DTD/xhtml1-transitional.dtd">
<html xmlns="http://www.w3.org/1999/xhtml" xml:lang="en" lang="en">
 <head>
  <title>
</title>
<meta http-equiv="Content-Type" content="text/html;charset=utf-8" />
  <meta name='ocr-system' content='tesseract 3.04.00' />
  <meta name='ocr-capabilities' content='ocr_page ocr_carea ocr_par ocr_line ocrx_word'/>
</head>
<body>
  <div class='ocr_page' id='page_1' title='image "./specimenliterar00epkegoog_0108.png"; bbox 0 0 3200 5525; ppageno 0'>
   <div class='ocr_carea' id='block_1_1' title="bbox 809 735 852 793">
    <p class='ocr_par' dir='ltr' id='par_1_1' title="bbox 809 735 852 793">
     <span class='ocr_line' id='line_1_1' title="bbox 809 735 852 793; baseline 0.023 -1"><span class='ocrx_word' id='word_1_1' title='bbox 809 735 852 793; x_wconf 79' lang='lat'>94</span> 
     </span>
    </p>
   </div>
   <div class='ocr_carea' id='block_1_2' title="bbox 336 905 1314 999">
    <p class='ocr_par' dir='ltr' id='par_1_2' title="bbox 336 905 1314 999">
     <span class='ocr_line' id='line_1_2' title="bbox 336 905 1314 999; baseline -0.001 -19"><span class='ocrx_word' id='word_1_2' title='bbox 336 915 478 993; x_wconf 90' lang='lat' dir='ltr'>vidimus,</span> <span class='ocrx_word' id='word_1_3' title='bbox 509 905 645 999; x_wconf 88' lang='lat' dir='ltr'>deposita</span> <span class='ocrx_word' id='word_1_4' title='bbox 680 914 830 979; x_wconf 87' lang='lat' dir='ltr'>senatoria</span> <span class='ocrx_word' id='word_1_5' title='bbox 862 912 1021 999; x_wconf 76' lang='lat' dir='ltr'>dignitate,</span> <span class='ocrx_word' id='word_1_6' title='bbox 1051 913 1083 975; x_wconf 90' lang='lat' dir='ltr'>in</span> <span class='ocrx_word' id='word_1_7' title='bbox 1118 913 1237 978; x_wconf 93' lang='lat' dir='ltr'>colonia</span> <span class='ocrx_word' id='word_1_8' title='bbox 1258 938 1314 980; x_wconf 91' lang='lat' dir='ltr'>sua</span> 
     </span>
    </p>
   </div>
   <div class='ocr_carea' id='block_1_3' title="bbox 336 1028 733 1115">
    <p class='ocr_par' dir='ltr' id='par_1_3' title="bbox 336 1028 733 1115">
     <span class='ocr_line' id='line_1_3' title="bbox 336 1028 733 1115; baseline -0.008 -20"><span class='ocrx_word' id='word_1_9' title='bbox 336 1032 465 1095; x_wconf 90' lang='lat' dir='ltr'>otiosam</span> <span class='ocrx_word' id='word_1_10' title='bbox 484 1030 578 1094; x_wconf 87' lang='lat' dir='ltr'>vitam</span> <span class='ocrx_word' id='word_1_11' title='bbox 599 1028 733 1115; x_wconf 82' lang='lat' dir='ltr'>degebat.</span> 
     </span>
    </p>
   </div>
   <div class='ocr_carea' id='block_1_4' title="bbox 333 1252 1312 1458">
    <p class='ocr_par' dir='ltr' id='par_1_4' title="bbox 333 1252 1312 1458">
     <span class='ocr_line' id='line_1_4' title="bbox 379 1252 1312 1322; baseline 0 0"><span class='ocrx_word' id='word_1_12' title='bbox 379 1258 537 1322; x_wconf 87' lang='lat' dir='ltr'>Postremo</span> <span class='ocrx_word' id='word_1_13' title='bbox 569 1256 605 1320; x_wconf 88' lang='lat' dir='ltr'>de</span> <span class='ocrx_word' id='word_1_14' title='bbox 634 1255 806 1319; x_wconf 86' lang='lat' dir='ltr'>Vnnouvro</span> <span class='ocrx_word' id='word_1_15' title='bbox 843 1258 874 1317; x_wconf 88' lang='lat' dir='ltr'>et</span> <span class='ocrx_word' id='word_1_16' title='bbox 895 1253 932 1318; x_wconf 93' lang='lat' dir='ltr'>de</span> <span class='ocrx_word' id='word_1_17' title='bbox 953 1252 1100 1319; x_wconf 79' lang='lat' dir='ltr'>meca</span> <span class='ocrx_word' id='word_1_18' title='bbox 1125 1256 1312 1322; x_wconf 82' lang='lat' dir='ltr'>mentionem</span> 
     </span>
     <span class='ocr_line' id='line_1_5' title="bbox 333 1369 877 1458; baseline -0.011 -21"><span class='ocrx_word' id='word_1_19' title='bbox 333 1373 407 1437; x_wconf 88' lang='lat' dir='ltr'>facit</span> <span class='ocrx_word' id='word_1_20' title='bbox 422 1376 511 1458; x_wconf 70' lang='lat' dir='ltr'>poeta</span> <span class='ocrx_word' id='word_1_21' title='bbox 535 1372 598 1437; x_wconf 82' lang='lat' dir='ltr'>Sat.</span> <span class='ocrx_word' id='word_1_22' title='bbox 621 1369 716 1447; x_wconf 83' lang='lat' dir='ltr'>VIII,</span> <span class='ocrx_word' id='word_1_23' title='bbox 741 1373 805 1433; x_wconf 76' lang='lat'>221</span> <span class='ocrx_word' id='word_1_24' title='bbox 833 1391 877 1451; x_wconf 92' lang='lat' dir='ltr'>sq,</span> 
     </span>
    </p>
   </div>
   <div class='ocr_carea' id='block_1_5' title="bbox 412 1518 1235 1805">
    <p class='ocr_par' dir='ltr' id='par_1_5' title="bbox 412 1518 1235 1805">
     <span class='ocr_line' id='line_1_6' title="bbox 413 1518 1094 1594; baseline -0.004 -12"><span class='ocrx_word' id='word_1_25' title='bbox 413 1564 602 1583; x_wconf 91' lang='grc'><strong>.......</strong></span> <span class='ocrx_word' id='word_1_26' title='bbox 624 1518 704 1593; x_wconf 80' lang='lat' dir='ltr'>Quid</span> <span class='ocrx_word' id='word_1_27' title='bbox 726 1520 804 1579; x_wconf 86' lang='lat' dir='ltr'>enim</span> <span class='ocrx_word' id='word_1_28' title='bbox 822 1518 982 1594; x_wconf 83' lang='lat' dir='ltr'>Verginius</span> <span class='ocrx_word' id='word_1_29' title='bbox 1004 1521 1094 1579; x_wconf 90' lang='lat' dir='ltr'>armis</span> 
     </span>
     <span class='ocr_line' id='line_1_7' title="bbox 413 1622 1196 1703; baseline -0.001 -18"><span class='ocrx_word' id='word_1_30' title='bbox 413 1625 516 1685; x_wconf 82' lang='lat' dir='ltr'>debuit</span> <span class='ocrx_word' id='word_1_31' title='bbox 535 1623 638 1683; x_wconf 89' lang='lat' dir='ltr'>ulcisci</span> <span class='ocrx_word' id='word_1_32' title='bbox 660 1623 763 1701; x_wconf 83' lang='lat' dir='ltr'>magis,</span> <span class='ocrx_word' id='word_1_33' title='bbox 785 1626 838 1703; x_wconf 79' lang='lat' dir='ltr'>aut</span> <span class='ocrx_word' id='word_1_34' title='bbox 859 1641 925 1682; x_wconf 92' lang='lat' dir='ltr'>cum</span> <span class='ocrx_word' id='word_1_35' title='bbox 943 1624 1070 1684; x_wconf 76' lang='lat' dir='ltr'>VindIce</span> <span class='ocrx_word' id='word_1_36' title='bbox 1090 1622 1196 1703; x_wconf 82' lang='lat' dir='ltr'><strong>Galba,</strong></span> 
     </span>
     <span class='ocr_line' id='line_1_8' title="bbox 412 1727 1235 1805; baseline 0.002 -17"><span class='ocrx_word' id='word_1_37' title='bbox 412 1728 491 1805; x_wconf 90' lang='lat' dir='ltr'>quod</span> <span class='ocrx_word' id='word_1_38' title='bbox 510 1728 591 1787; x_wconf 88' lang='lat' dir='ltr'>Nero</span> <span class='ocrx_word' id='word_1_39' title='bbox 611 1731 673 1787; x_wconf 86' lang='lat' dir='ltr'>tam</span> <span class='ocrx_word' id='word_1_40' title='bbox 695 1744 786 1786; x_wconf 88' lang='lat' dir='ltr'>saeva</span> <span class='ocrx_word' id='word_1_41' title='bbox 804 1727 953 1802; x_wconf 89' lang='lat' dir='ltr'>crudaque</span> <span class='ocrx_word' id='word_1_42' title='bbox 975 1728 1134 1802; x_wconf 82' lang='lat' dir='ltr'>tyrannide</span> <span class='ocrx_word' id='word_1_43' title='bbox 1155 1728 1235 1790; x_wconf 83' lang='lat' dir='ltr'>fecit.</span> 
     </span>
    </p>
   </div>
   <div class='ocr_carea' id='block_1_6' title="bbox 310 1868 1308 4233">
    <p class='ocr_par' dir='ltr' id='par_1_6' title="bbox 310 1868 1308 4233">
     <span class='ocr_line' id='line_1_9' title="bbox 376 1868 1308 1949; baseline 0.005 -17"><span class='ocrx_word' id='word_1_44' title='bbox 376 1870 500 1933; x_wconf 80' lang='lat' dir='ltr'>Junrus</span> <span class='ocrx_word' id='word_1_45' title='bbox 519 1869 658 1933; x_wconf 80' lang='lat' dir='ltr'>Vruoux</span> <span class='ocrx_word' id='word_1_46' title='bbox 681 1873 712 1932; x_wconf 90' lang='lat' dir='ltr'>et</span> <span class='ocrx_word' id='word_1_47' title='bbox 736 1869 772 1932; x_wconf 88' lang='lat' dir='ltr'>L.</span> <span class='ocrx_word' id='word_1_48' title='bbox 798 1868 990 1932; x_wconf 81' lang='lat' dir='ltr'>Vnncrruus</span> <span class='ocrx_word' id='word_1_49' title='bbox 1016 1870 1143 1949; x_wconf 75' lang='lat' dir='ltr'>Ranae,</span> <span class='ocrx_word' id='word_1_50' title='bbox 1165 1871 1237 1936; x_wconf 90' lang='lat' dir='ltr'>belli</span> <span class='ocrx_word' id='word_1_51' title='bbox 1251 1874 1308 1937; x_wconf 91' lang='lat' dir='ltr'>du-</span> 
     </span>
     <span class='ocr_line' id='line_1_10' title="bbox 329 1973 1306 2073; baseline 0.003 -24"><span class='ocrx_word' id='word_1_52' title='bbox 329 2007 378 2049; x_wconf 85' lang='lat' dir='ltr'>ces</span> <span class='ocrx_word' id='word_1_53' title='bbox 403 1984 459 2049; x_wconf 91' lang='lat' dir='ltr'>sub</span> <span class='ocrx_word' id='word_1_54' title='bbox 483 1985 626 2048; x_wconf 74' lang='lat' dir='ltr'>Narona</span> <span class='ocrx_word' id='word_1_55' title='bbox 647 1988 677 2047; x_wconf 88' lang='lat' dir='ltr'>et</span> <span class='ocrx_word' id='word_1_56' title='bbox 697 1983 729 2047; x_wconf 93' lang='lat' dir='ltr'>in</span> <span class='ocrx_word' id='word_1_57' title='bbox 755 1982 843 2048; x_wconf 92' lang='lat' dir='ltr'>bellis</span> <span class='ocrx_word' id='word_1_58' title='bbox 864 1973 1016 2059; x_wconf 74' lang='lat' dir='ltr'>civilibus,</span> <span class='ocrx_word' id='word_1_59' title='bbox 1039 2007 1116 2069; x_wconf 88' lang='lat' dir='ltr'>quae</span> <span class='ocrx_word' id='word_1_60' title='bbox 1132 1991 1203 2071; x_wconf 92' lang='lat' dir='ltr'>post</span> <span class='ocrx_word' id='word_1_61' title='bbox 1214 1986 1306 2073; x_wconf 89' lang='lat' dir='ltr'>hujus</span> 
     </span>
     <span class='ocr_line' id='line_1_11' title="bbox 327 2098 1306 2184; baseline 0.002 -20"><span class='ocrx_word' id='word_1_62' title='bbox 327 2104 455 2164; x_wconf 89' lang='lat' dir='ltr'>mortem</span> <span class='ocrx_word' id='word_1_63' title='bbox 475 2102 579 2163; x_wconf 89' lang='lat' dir='ltr'>exorta</span> <span class='ocrx_word' id='word_1_64' title='bbox 603 2102 683 2175; x_wconf 89' lang='lat' dir='ltr'>sunt,</span> <span class='ocrx_word' id='word_1_65' title='bbox 707 2098 826 2183; x_wconf 89' lang='lat' dir='ltr'>saepius</span> <span class='ocrx_word' id='word_1_66' title='bbox 851 2098 932 2183; x_wconf 87' lang='lat' dir='ltr'>apud</span> <span class='ocrx_word' id='word_1_67' title='bbox 957 2099 1119 2184; x_wconf 82' lang='lat' dir='ltr'>scriptores</span> <span class='ocrx_word' id='word_1_68' title='bbox 1137 2123 1306 2166; x_wconf 90' lang='lat' dir='ltr'>memoran-</span> 
     </span>
     <span class='ocr_line' id='line_1_12' title="bbox 327 2212 1303 2299; baseline 0.005 -22"><span class='ocrx_word' id='word_1_69' title='bbox 327 2219 388 2292; x_wconf 87' lang='lat' dir='ltr'>tur,</span> <span class='ocrx_word' id='word_1_70' title='bbox 411 2235 539 2297; x_wconf 91' lang='lat' dir='ltr'>quorum</span> <span class='ocrx_word' id='word_1_71' title='bbox 564 2234 611 2276; x_wconf 89' lang='lat' dir='ltr'>res</span> <span class='ocrx_word' id='word_1_72' title='bbox 628 2216 728 2299; x_wconf 89' lang='lat' dir='ltr'>gestas</span> <span class='ocrx_word' id='word_1_73' title='bbox 753 2212 931 2298; x_wconf 85' lang='lat' dir='ltr'>exposituri,</span> <span class='ocrx_word' id='word_1_74' title='bbox 942 2213 1096 2277; x_wconf 88' lang='lat' dir='ltr'>ordiamur</span> <span class='ocrx_word' id='word_1_75' title='bbox 1113 2238 1130 2278; x_wconf 89' lang='lat' dir='ltr'>a</span> <span class='ocrx_word' id='word_1_76' title='bbox 1147 2215 1303 2282; x_wconf 82' lang='lat' dir='ltr'>Viuorcn.</span> 
     </span>
     <span class='ocr_line' id='line_1_13' title="bbox 326 2328 1303 2415; baseline 0.004 -24"><span class='ocrx_word' id='word_1_77' title='bbox 326 2328 421 2392; x_wconf 90' lang='lat' dir='ltr'>Hunc</span> <span class='ocrx_word' id='word_1_78' title='bbox 457 2328 553 2415; x_wconf 86' lang='lat' dir='ltr'>igitur</span> <span class='ocrx_word' id='word_1_79' title='bbox 582 2328 699 2391; x_wconf 86' lang='lat' dir='ltr'>Galliae</span> <span class='ocrx_word' id='word_1_80' title='bbox 731 2328 916 2414; x_wconf 87' lang='lat' dir='ltr'>praefectum</span> <span class='ocrx_word' id='word_1_81' title='bbox 949 2328 1132 2393; x_wconf 83' lang='lat' dir='ltr'>aNnnoun</span> <span class='ocrx_word' id='word_1_82' title='bbox 1158 2329 1303 2396; x_wconf 86' lang='lat' dir='ltr'>defecisse</span> 
     </span>
     <span class='ocr_line' id='line_1_14' title="bbox 325 2441 1303 2530; baseline 0.002 -23"><span class='ocrx_word' id='word_1_83' title='bbox 325 2443 463 2530; x_wconf 89' lang='lat' dir='ltr'>legimus,</span> <span class='ocrx_word' id='word_1_84' title='bbox 497 2465 556 2527; x_wconf 89' lang='lat' dir='ltr'>qua</span> <span class='ocrx_word' id='word_1_85' title='bbox 592 2443 628 2506; x_wconf 89' lang='lat' dir='ltr'>de</span> <span class='ocrx_word' id='word_1_86' title='bbox 651 2465 684 2506; x_wconf 83' lang='lat' dir='ltr'>re</span> <span class='ocrx_word' id='word_1_87' title='bbox 704 2447 800 2530; x_wconf 88' lang='lat' dir='ltr'>agunt</span> <span class='ocrx_word' id='word_1_88' title='bbox 825 2441 893 2506; x_wconf 92' lang='lat' dir='ltr'>D10</span> <span class='ocrx_word' id='word_1_89' title='bbox 913 2441 1056 2506; x_wconf 77' lang='lat' dir='ltr'>Onssrus</span> <span class='ocrx_word' id='word_1_90' title='bbox 1077 2443 1162 2507; x_wconf 87' lang='lat' dir='ltr'>Libr.</span> <span class='ocrx_word' id='word_1_91' title='bbox 1185 2444 1303 2509; x_wconf 88' lang='lat' dir='ltr'>LXIII</span> 
     </span>
     <span class='ocr_line' id='line_1_15' title="bbox 324 2556 1301 2641; baseline 0 -18"><span class='ocrx_word' id='word_1_92' title='bbox 324 2562 355 2623; x_wconf 91' lang='lat' dir='ltr'>et</span> <span class='ocrx_word' id='word_1_93' title='bbox 379 2559 567 2623; x_wconf 80' lang='lat' dir='ltr'>Susronrus</span> <span class='ocrx_word' id='word_1_94' title='bbox 590 2560 625 2623; x_wconf 78' lang='lat' dir='ltr'>to</span> <span class='ocrx_word' id='word_1_95' title='bbox 644 2559 710 2623; x_wconf 82' lang='lat' dir='ltr'>citu</span> <span class='ocrx_word' id='word_1_96' title='bbox 733 2558 879 2635; x_wconf 79' lang='lat' dir='ltr'>Neronis,</span> <span class='ocrx_word' id='word_1_97' title='bbox 901 2578 1028 2641; x_wconf 90' lang='lat' dir='ltr'>quorum</span> <span class='ocrx_word' id='word_1_98' title='bbox 1052 2556 1105 2621; x_wconf 89' lang='lat' dir='ltr'>ille</span> <span class='ocrx_word' id='word_1_99' title='bbox 1122 2556 1301 2623; x_wconf 68' lang='lat' dir='ltr'>(Humum</span> 
     </span>
     <span class='ocr_line' id='line_1_16' title="bbox 323 2670 1300 2759; baseline 0.002 -25"><span class='ocrx_word' id='word_1_100' title='bbox 323 2672 499 2738; x_wconf 80' lang='lat' dir='ltr'>annrcuu</span> <span class='ocrx_word' id='word_1_101' title='bbox 531 2672 570 2737; x_wconf 94' lang='lat' dir='ltr'>ob</span> <span class='ocrx_word' id='word_1_102' title='bbox 605 2694 730 2759; x_wconf 86' lang='lat' dir='ltr'>magnas</span> <span class='ocrx_word' id='word_1_103' title='bbox 763 2673 898 2758; x_wconf 85' lang='lat' dir='ltr'>corporis</span> <span class='ocrx_word' id='word_1_104' title='bbox 922 2670 1009 2749; x_wconf 78' lang='lat' dir='ltr'>vinee,</span> <span class='ocrx_word' id='word_1_105' title='bbox 1032 2672 1233 2757; x_wconf 86' lang='lat' dir='ltr'>prudentiam,</span> <span class='ocrx_word' id='word_1_106' title='bbox 1257 2674 1300 2737; x_wconf 88' lang='lat' dir='ltr'>rei</span> 
     </span>
     <span class='ocr_line' id='line_1_17' title="bbox 322 2786 1301 2874; baseline 0.002 -22"><span class='ocrx_word' id='word_1_107' title='bbox 322 2788 464 2852; x_wconf 87' lang='lat' dir='ltr'>militaris</span> <span class='ocrx_word' id='word_1_108' title='bbox 489 2787 637 2874; x_wconf 84' lang='lat' dir='ltr'>peritiam,</span> <span class='ocrx_word' id='word_1_109' title='bbox 660 2787 816 2852; x_wconf 87' lang='lat' dir='ltr'>audaciam</span> <span class='ocrx_word' id='word_1_110' title='bbox 841 2786 947 2851; x_wconf 90' lang='lat' dir='ltr'>laudat</span> <span class='ocrx_word' id='word_1_111' title='bbox 970 2786 1105 2870; x_wconf 88' lang='lat' dir='ltr'>dicitque</span> <span class='ocrx_word' id='word_1_112' title='bbox 1117 2810 1186 2856; x_wconf 89' lang='lat' dir='ltr'>cum</span> <span class='ocrx_word' id='word_1_113' title='bbox 1197 2787 1301 2854; x_wconf 88' lang='lat' dir='ltr'>fuisse:</span> 
     </span>
     <span class='ocr_line' id='line_1_18' title="bbox 323 2900 1298 2981; baseline 0.001 -22"><span class='ocrx_word' id='word_1_114' title='bbox 323 2907 478 2976; x_wconf 62' lang='lat' dir='ltr'>„Potesne</span> <span class='ocrx_word' id='word_1_115' title='bbox 505 2903 586 2980; x_wconf 69' lang='grc' dir='ltr'><em>ἀνὴρ,</em></span> <span class='ocrx_word' id='word_1_116' title='bbox 615 2906 647 2962; x_wconf 80' lang='grc' dir='ltr'>ἐκ</span> <span class='ocrx_word' id='word_1_117' title='bbox 676 2900 728 2977; x_wconf 77' lang='grc' dir='ltr'>μὲν</span> <span class='ocrx_word' id='word_1_118' title='bbox 755 2905 902 2981; x_wconf 73' lang='grc' dir='ltr'><strong><em>πρόγὸνων</em></strong></span> <span class='ocrx_word' id='word_1_119' title='bbox 930 2908 983 2960; x_wconf 80' lang='grc' dir='ltr'>τοῦ</span> <span class='ocrx_word' id='word_1_120' title='bbox 1006 2903 1164 2976; x_wconf 76' lang='grc' dir='ltr'><strong><em>βασιλικοῦ</em></strong></span> <span class='ocrx_word' id='word_1_121' title='bbox 1182 2905 1298 2980; x_wconf 77' lang='grc' dir='ltr'><strong><em>γένους,</em></strong></span> 
     </span>
     <span class='ocr_line' id='line_1_19' title="bbox 323 3005 1298 3092; baseline -0.001 -20"><span class='ocrx_word' id='word_1_122' title='bbox 323 3017 414 3088; x_wconf 80' lang='lat' dir='ltr'>„nurci</span> <span class='ocrx_word' id='word_1_123' title='bbox 435 3013 470 3073; x_wconf 72' lang='lat' dir='ltr'>di</span> <span class='ocrx_word' id='word_1_124' title='bbox 489 3017 540 3072; x_wconf 75' lang='grc' dir='ltr'>τόν</span> <span class='ocrx_word' id='word_1_125' title='bbox 553 3016 663 3092; x_wconf 79' lang='grc' dir='ltr'><strong><em>πατέρα</em></strong></span> <span class='ocrx_word' id='word_1_126' title='bbox 682 3015 837 3090; x_wconf 75' lang='grc' dir='ltr'><strong><em>βουλευτής</em></strong></span> <span class='ocrx_word' id='word_1_127' title='bbox 850 3017 906 3070; x_wconf 81' lang='grc' dir='ltr'>τῶν</span> <span class='ocrx_word' id='word_1_128' title='bbox 929 3011 1107 3088; x_wconf 78' lang='grc' dir='ltr'>“Ρωμαὶων.”</span> <span class='ocrx_word' id='word_1_129' title='bbox 1148 3005 1182 3068; x_wconf 86' lang='lat' dir='ltr'>Is</span> <span class='ocrx_word' id='word_1_130' title='bbox 1205 3028 1298 3089; x_wconf 87' lang='lat' dir='ltr'>quum</span> 
     </span>
     <span class='ocr_line' id='line_1_20' title="bbox 321 3117 1298 3193; baseline 0.002 -10"><span class='ocrx_word' id='word_1_131' title='bbox 321 3119 502 3184; x_wconf 82' lang='lat' dir='ltr'>aNunorvu</span> <span class='ocrx_word' id='word_1_132' title='bbox 535 3119 700 3182; x_wconf 87' lang='lat' dir='ltr'>desciscere</span> <span class='ocrx_word' id='word_1_133' title='bbox 729 3117 894 3193; x_wconf 87' lang='lat' dir='ltr'>statuisset,</span> <span class='ocrx_word' id='word_1_134' title='bbox 918 3117 1076 3180; x_wconf 88' lang='lat' dir='ltr'>Gallorum</span> <span class='ocrx_word' id='word_1_135' title='bbox 1100 3118 1298 3186; x_wconf 88' lang='lat' dir='ltr'>multitudine</span> 
     </span>
     <span class='ocr_line' id='line_1_21' title="bbox 320 3231 1297 3316; baseline 0.001 -18"><span class='ocrx_word' id='word_1_136' title='bbox 320 3239 493 3312; x_wconf 90' lang='lat' dir='ltr'>convocata,</span> <span class='ocrx_word' id='word_1_137' title='bbox 529 3233 696 3296; x_wconf 87' lang='lat' dir='ltr'>orationem</span> <span class='ocrx_word' id='word_1_138' title='bbox 720 3231 835 3305; x_wconf 90' lang='lat' dir='ltr'>habuit,</span> <span class='ocrx_word' id='word_1_139' title='bbox 858 3231 891 3292; x_wconf 93' lang='lat' dir='ltr'>in</span> <span class='ocrx_word' id='word_1_140' title='bbox 915 3252 975 3313; x_wconf 92' lang='lat' dir='ltr'>qua</span> <span class='ocrx_word' id='word_1_141' title='bbox 994 3231 1184 3316; x_wconf 87' lang='lat' dir='ltr'>imperatoris</span> <span class='ocrx_word' id='word_1_142' title='bbox 1200 3237 1297 3300; x_wconf 87' lang='lat' dir='ltr'>saevi·</span> 
     </span>
     <span class='ocr_line' id='line_1_22' title="bbox 319 3344 1296 3435; baseline 0.003 -21"><span class='ocrx_word' id='word_1_143' title='bbox 319 3351 393 3414; x_wconf 88' lang='lat' dir='ltr'>tiam</span> <span class='ocrx_word' id='word_1_144' title='bbox 421 3353 452 3412; x_wconf 88' lang='lat' dir='ltr'>et</span> <span class='ocrx_word' id='word_1_145' title='bbox 473 3347 634 3410; x_wconf 74' lang='lat' dir='ltr'>infamiam</span> <span class='ocrx_word' id='word_1_146' title='bbox 664 3345 775 3409; x_wconf 87' lang='lat' dir='ltr'>vividis</span> <span class='ocrx_word' id='word_1_147' title='bbox 800 3344 951 3410; x_wconf 89' lang='lat' dir='ltr'>coloribus</span> <span class='ocrx_word' id='word_1_148' title='bbox 972 3345 1110 3432; x_wconf 87' lang='lat' dir='ltr'>depinxit</span> <span class='ocrx_word' id='word_1_149' title='bbox 1130 3349 1296 3435; x_wconf 85' lang='lat' dir='ltr'>Gallosque</span> 
     </span>
     <span class='ocr_line' id='line_1_23' title="bbox 317 3457 1294 3546; baseline 0.001 -17"><span class='ocrx_word' id='word_1_150' title='bbox 317 3461 466 3538; x_wconf 89' lang='lat' dir='ltr'>incitavit,</span> <span class='ocrx_word' id='word_1_151' title='bbox 489 3464 525 3523; x_wconf 92' lang='lat' dir='ltr'>ut</span> <span class='ocrx_word' id='word_1_152' title='bbox 549 3459 718 3522; x_wconf 80' lang='lat' dir='ltr'>Nnnousu</span> <span class='ocrx_word' id='word_1_153' title='bbox 741 3457 869 3543; x_wconf 87' lang='lat' dir='ltr'>imperio</span> <span class='ocrx_word' id='word_1_154' title='bbox 889 3464 1035 3524; x_wconf 85' lang='lat' dir='ltr'>exuerent</span> <span class='ocrx_word' id='word_1_155' title='bbox 1058 3465 1148 3546; x_wconf 89' lang='lat' dir='ltr'>atque</span> <span class='ocrx_word' id='word_1_156' title='bbox 1171 3463 1216 3527; x_wconf 90' lang='lat' dir='ltr'>ita</span> <span class='ocrx_word' id='word_1_157' title='bbox 1227 3465 1294 3530; x_wconf 85' lang='lat' dir='ltr'>orbi</span> 
     </span>
     <span class='ocr_line' id='line_1_24' title="bbox 316 3571 1294 3660; baseline 0 -18"><span class='ocrx_word' id='word_1_158' title='bbox 316 3583 464 3642; x_wconf 88' lang='lat' dir='ltr'>terrarum</span> <span class='ocrx_word' id='word_1_159' title='bbox 496 3572 657 3637; x_wconf 87' lang='lat' dir='ltr'>redderent</span> <span class='ocrx_word' id='word_1_160' title='bbox 683 3571 863 3636; x_wconf 86' lang='lat' dir='ltr'>libertatem.</span> <span class='ocrx_word' id='word_1_161' title='bbox 909 3573 978 3638; x_wconf 90' lang='lat' dir='ltr'>Nec</span> <span class='ocrx_word' id='word_1_162' title='bbox 999 3597 1067 3660; x_wconf 88' lang='lat' dir='ltr'>spes</span> <span class='ocrx_word' id='word_1_163' title='bbox 1089 3597 1158 3640; x_wconf 91' lang='lat' dir='ltr'>eum</span> <span class='ocrx_word' id='word_1_164' title='bbox 1177 3577 1294 3657; x_wconf 88' lang='lat' dir='ltr'>fefellit,</span> 
     </span>
     <span class='ocr_line' id='line_1_25' title="bbox 315 3687 1292 3775; baseline 0.003 -22"><span class='ocrx_word' id='word_1_165' title='bbox 315 3712 409 3775; x_wconf 92' lang='lat' dir='ltr'>quum</span> <span class='ocrx_word' id='word_1_166' title='bbox 433 3711 538 3753; x_wconf 88' lang='lat' dir='ltr'>omnes</span> <span class='ocrx_word' id='word_1_167' title='bbox 558 3689 623 3775; x_wconf 89' lang='lat' dir='ltr'>ejus</span> <span class='ocrx_word' id='word_1_168' title='bbox 648 3687 730 3751; x_wconf 90' lang='lat' dir='ltr'>dicta</span> <span class='ocrx_word' id='word_1_169' title='bbox 749 3687 987 3773; x_wconf 87' lang='lat' dir='ltr'>comprobarent.</span> <span class='ocrx_word' id='word_1_170' title='bbox 1011 3689 1111 3760; x_wconf 83' lang='lat' dir='ltr'>Quam</span> <span class='ocrx_word' id='word_1_171' title='bbox 1124 3691 1292 3757; x_wconf 87' lang='lat' dir='ltr'>Galliarum</span> 
     </span>
     <span class='ocr_line' id='line_1_26' title="bbox 315 3801 1291 3891; baseline 0.001 -23"><span class='ocrx_word' id='word_1_172' title='bbox 315 3804 495 3868; x_wconf 87' lang='lat' dir='ltr'>seditionem</span> <span class='ocrx_word' id='word_1_173' title='bbox 517 3804 615 3867; x_wconf 82' lang='lat' dir='ltr'>Nnno</span> <span class='ocrx_word' id='word_1_174' title='bbox 636 3824 728 3886; x_wconf 90' lang='lat' dir='ltr'>quum</span> <span class='ocrx_word' id='word_1_175' title='bbox 750 3801 882 3887; x_wconf 86' lang='lat' dir='ltr'>Neapoli</span> <span class='ocrx_word' id='word_1_176' title='bbox 903 3803 1104 3890; x_wconf 84' lang='lat' dir='ltr'>cognovisset,</span> <span class='ocrx_word' id='word_1_177' title='bbox 1117 3805 1186 3869; x_wconf 74' lang='lat' dir='ltr'>vdie</span> <span class='ocrx_word' id='word_1_178' title='bbox 1198 3805 1291 3891; x_wconf 82' lang='lat' dir='ltr'>ipso,&#39;&#39;</span> 
     </span>
     <span class='ocr_line' id='line_1_27' title="bbox 313 3917 1291 4000; baseline 0.001 -18"><span class='ocrx_word' id='word_1_179' title='bbox 313 3923 349 3983; x_wconf 91' lang='lat' dir='ltr'>ut</span> <span class='ocrx_word' id='word_1_180' title='bbox 369 3918 444 3982; x_wconf 90' lang='lat' dir='ltr'>dicit</span> <span class='ocrx_word' id='word_1_181' title='bbox 465 3918 666 3994; x_wconf 72' lang='lat' dir='ltr'>Speremus,</span> <span class='ocrx_word' id='word_1_182' title='bbox 690 3937 770 4000; x_wconf 75' lang='lat' dir='ltr'>aquo</span> <span class='ocrx_word' id='word_1_183' title='bbox 794 3919 921 3979; x_wconf 88' lang='lat' dir='ltr'>matrem</span> <span class='ocrx_word' id='word_1_184' title='bbox 941 3917 1124 3996; x_wconf 87' lang='lat' dir='ltr'>occiderat,’&#39;</span> <span class='ocrx_word' id='word_1_185' title='bbox 1138 3919 1229 3983; x_wconf 93' lang='lat' dir='ltr'>initio</span> <span class='ocrx_word' id='word_1_186' title='bbox 1240 3920 1291 3983; x_wconf 91' lang='lat' dir='ltr'>ni-</span> 
     </span>
     <span class='ocr_line' id='line_1_28' title="bbox 311 4031 1289 4120; baseline 0.002 -20"><span class='ocrx_word' id='word_1_187' title='bbox 311 4035 368 4099; x_wconf 91' lang='lat' dir='ltr'>hili</span> <span class='ocrx_word' id='word_1_188' title='bbox 384 4035 467 4111; x_wconf 83' lang='lat' dir='ltr'>fecit,</span> <span class='ocrx_word' id='word_1_189' title='bbox 490 4037 561 4120; x_wconf 90' lang='lat' dir='ltr'>post</span> <span class='ocrx_word' id='word_1_190' title='bbox 581 4036 650 4097; x_wconf 92' lang='lat' dir='ltr'>octo</span> <span class='ocrx_word' id='word_1_191' title='bbox 673 4033 793 4097; x_wconf 91' lang='lat' dir='ltr'>demum</span> <span class='ocrx_word' id='word_1_192' title='bbox 810 4031 884 4109; x_wconf 92' lang='lat' dir='ltr'>dies,</span> <span class='ocrx_word' id='word_1_193' title='bbox 905 4032 1004 4098; x_wconf 84' lang='lat' dir='ltr'>iratus</span> <span class='ocrx_word' id='word_1_194' title='bbox 1024 4034 1062 4099; x_wconf 96' lang='lat' dir='ltr'>ob</span> <span class='ocrx_word' id='word_1_195' title='bbox 1075 4036 1289 4102; x_wconf 91' lang='lat' dir='ltr'>contumeliam</span> 
     </span>
     <span class='ocr_line' id='line_1_29' title="bbox 310 4148 1288 4233; baseline 0 -19"><span class='ocrx_word' id='word_1_196' title='bbox 310 4173 328 4214; x_wconf 91' lang='lat' dir='ltr'>a</span> <span class='ocrx_word' id='word_1_197' title='bbox 347 4150 496 4213; x_wconf 79' lang='lat' dir='ltr'>anrcn</span> <span class='ocrx_word' id='word_1_198' title='bbox 517 4148 575 4212; x_wconf 90' lang='lat' dir='ltr'>sibi</span> <span class='ocrx_word' id='word_1_199' title='bbox 598 4148 715 4212; x_wconf 89' lang='lat' dir='ltr'>illatam</span> <span class='ocrx_word' id='word_1_200' title='bbox 737 4148 795 4232; x_wconf 88' lang='lat'>(1),</span> <span class='ocrx_word' id='word_1_201' title='bbox 817 4169 871 4233; x_wconf 87' lang='lat' dir='ltr'>per</span> <span class='ocrx_word' id='word_1_202' title='bbox 894 4148 1053 4233; x_wconf 87' lang='lat' dir='ltr'>epistolam</span> <span class='ocrx_word' id='word_1_203' title='bbox 1073 4151 1191 4214; x_wconf 89' lang='lat' dir='ltr'>senatui</span> <span class='ocrx_word' id='word_1_204' title='bbox 1203 4158 1288 4214; x_wconf 87' lang='lat' dir='ltr'>nian-</span> 
     </span>
    </p>
   </div>
   <div class='ocr_carea' id='block_1_7' title="bbox 312 4271 632 4289">
    <p class='ocr_par' dir='ltr' id='par_1_7' title="bbox 312 4271 632 4289">
     <span class='ocr_line' id='line_1_30' title="bbox 312 4271 632 4289; baseline -0.003 0"><span class='ocrx_word' id='word_1_205' title='bbox 312 4273 530 4289; x_wconf 54' lang='grc' dir='ltr'><em>Μ</em></span> <span class='ocrx_word' id='word_1_206' title='bbox 625 4271 632 4285; x_wconf 66' lang='grc' dir='ltr'>ί</span> 
     </span>
    </p>
   </div>
   <div class='ocr_carea' id='block_1_8' title="bbox 307 4311 1287 4472">
    <p class='ocr_par' dir='ltr' id='par_1_8' title="bbox 307 4311 1287 4472">
     <span class='ocr_line' id='line_1_31' title="bbox 344 4311 1287 4383; baseline 0.001 -17"><span class='ocrx_word' id='word_1_207' title='bbox 344 4313 384 4383; x_wconf 84' lang='grc'>(1)</span> <span class='ocrx_word' id='word_1_208' title='bbox 404 4314 515 4378; x_wconf 78' lang='lat' dir='ltr'>legimus</span> <span class='ocrx_word' id='word_1_209' title='bbox 530 4320 608 4364; x_wconf 83' lang='lat' dir='ltr'>autem</span> <span class='ocrx_word' id='word_1_210' title='bbox 626 4313 687 4378; x_wconf 88' lang='lat' dir='ltr'>apud</span> <span class='ocrx_word' id='word_1_211' title='bbox 707 4311 843 4363; x_wconf 84' lang='lat' dir='ltr'>Surroururr</span> <span class='ocrx_word' id='word_1_212' title='bbox 858 4315 884 4363; x_wconf 76' lang='lat' dir='ltr'>tn</span> <span class='ocrx_word' id='word_1_213' title='bbox 898 4316 946 4365; x_wconf 79' lang='lat' dir='ltr'>rita</span> <span class='ocrx_word' id='word_1_214' title='bbox 963 4315 1069 4376; x_wconf 78' lang='lat' dir='ltr'>Neronis,</span> <span class='ocrx_word' id='word_1_215' title='bbox 1085 4317 1205 4381; x_wconf 74' lang='lat' dir='ltr'>caplILl:</span> <span class='ocrx_word' id='word_1_216' title='bbox 1222 4318 1287 4368; x_wconf 86' lang='lat' dir='ltr'>Nihil</span> 
     </span>
     <span class='ocr_line' id='line_1_32' title="bbox 307 4399 1285 4472; baseline 0.004 -21"><span class='ocrx_word' id='word_1_217' title='bbox 307 4413 395 4456; x_wconf 68' lang='lat' dir='ltr'>‚autom</span> <span class='ocrx_word' id='word_1_218' title='bbox 421 4418 495 4468; x_wconf 84' lang='lat' dir='ltr'>aeque</span> <span class='ocrx_word' id='word_1_219' title='bbox 517 4399 603 4461; x_wconf 80' lang='lat' dir='ltr'>doluit,</span> <span class='ocrx_word' id='word_1_220' title='bbox 626 4417 697 4468; x_wconf 88' lang='lat' dir='ltr'>quam</span> <span class='ocrx_word' id='word_1_221' title='bbox 715 4407 743 4452; x_wconf 83' lang='lat' dir='ltr'>ut</span> <span class='ocrx_word' id='word_1_222' title='bbox 760 4401 849 4454; x_wconf 86' lang='lat' dir='ltr'>malum</span> <span class='ocrx_word' id='word_1_223' title='bbox 866 4419 891 4454; x_wconf 89' lang='lat' dir='ltr'>se</span> <span class='ocrx_word' id='word_1_224' title='bbox 909 4405 1070 4457; x_wconf 83' lang='lat' dir='ltr'>citharoedum</span> <span class='ocrx_word' id='word_1_225' title='bbox 1094 4407 1243 4472; x_wconf 85' lang='lat' dir='ltr'>increpitum,</span> <span class='ocrx_word' id='word_1_226' title='bbox 1258 4423 1285 4456; x_wconf 83' lang='lat' dir='ltr'>ac</span> 
     </span>
    </p>
   </div>
   <div class='ocr_carea' id='block_1_9' title="bbox 306 4492 814 4562">
    <p class='ocr_par' dir='ltr' id='par_1_9' title="bbox 306 4492 814 4562">
     <span class='ocr_line' id='line_1_33' title="bbox 306 4492 814 4562; baseline -0.01 -13"><span class='ocrx_word' id='word_1_227' title='bbox 306 4511 356 4562; x_wconf 85' lang='lat' dir='ltr'>»pro</span> <span class='ocrx_word' id='word_1_228' title='bbox 373 4496 469 4548; x_wconf 83' lang='lat' dir='ltr'>Nrrroru</span> <span class='ocrx_word' id='word_1_229' title='bbox 482 4496 634 4546; x_wconf 69' lang='lat' dir='ltr'>dormimus</span> <span class='ocrx_word' id='word_1_230' title='bbox 647 4492 814 4559; x_wconf 66' lang='lat' dir='ltr'>appellaturis·</span> 
     </span>
    </p>
   </div>
   <div class='ocr_carea' id='block_1_10' title="bbox 0 0 1604 5525">
    <p class='ocr_par' dir='ltr' id='par_1_10' title="bbox 0 0 1604 5525">
     <span class='ocr_line' id='line_1_34' title="bbox 0 0 1604 5525; baseline 0 11"><span class='ocrx_word' id='word_1_231' title='bbox 0 0 1604 5525; x_wconf 95' lang='lat' dir='ltr'> </span> 
     </span>
    </p>
   </div>
  </div>
 </body>
</html>
