3200 5525
803 704 866 765 129

347 881 423 959 evit,
446 904 477 945 se
498 904 554 946 suo
573 884 644 967 jure
665 904 733 947 cum
758 882 896 949 Hrrrrs
920 885 1030 963 vivere,
1049 891 1083 949 et
1105 908 1199 973 equos
1229 887 1322 952 vecti-

348 996 451 1083 ngales
474 997 610 1063 Sursum
631 998 722 1061 mimo
751 998 901 1062 tradere.’'

392 1113 452 1174 nIn
481 1111 543 1174 Sat.
572 1110 621 1174 IV
656 1110 855 1178 FABRICIUS
876 1110 1044 1177 Vereuso
1065 1112 1146 1177 inter
1167 1122 1323 1181 senatores

344 1225 529 1301 nominatur,
551 1224 604 1312 qui
624 1225 714 1309 jussu
735 1223 942 1291 Domrrreur
969 1228 1130 1292 convenire
1154 1228 1323 1315 finguntur,

343 1345 380 1404 ut
417 1338 453 1401 de
480 1336 606 1401 rhombo
631 1337 787 1423 coquendo
808 1338 989 1403 sententiam
1015 1340 1128 1404 dicant
1175 1341 1230 1405 Vs.
1255 1346 1319 1407 113

342 1457 445 1517 autem
466 1455 593 1516 vocatur
608 1453 745 1535 prudens
774 1451 806 1515 V
800 1453 909 1535 pente,
928 1453 1010 1541 quod
1028 1453 1185 1540 epitheton
1205 1455 1250 1519 sic
1273 1458 1323 1520 in·

344 1566 544 1653 telligendum
565 1565 696 1643 videtur,
718 1588 787 1630 eum
804 1566 921 1645 exsilio,
944 1589 1005 1654 quo
1029 1590 1046 1631 a
1082 1568 1226 1633 Nnnorm
1242 1570 1324 1634 mul·

348 1687 433 1747 tatus
468 1687 541 1759 erat,
574 1682 799 1767 prudentiorem
835 1684 948 1747 factum
972 1682 1166 1747 Domrrrrur
1189 1688 1323 1771 tempore

341 1795 506 1859 admodum
524 1795 641 1859 cavisse
661 1816 703 1859 -ne
726 1795 938 1882 imperatorem
960 1797 1134 1861 offenderet.
1156 1798 1205 1861 Ex
1215 1799 1324 1863 audaci

344 1908 419 1987 viro,
450 1909 548 1994 qualis
573 1913 646 1973 ante
673 1908 780 1988 fuerat,
798 1910 863 1995 jam
881 1910 1071 1975 adulatorem
1091 1911 1230 1977 servilem
1253 1935 1323 1977 enm

341 2046 407 2089 esse
426 2024 540 2089 factum
563 2022 742 2088 conficimus
765 2046 782 2088 e
802 2046 846 2089 rs
871 2028 935 2087 123
960 2046 1040 2108 sqq..·

425 2252 494 2311 Non
511 2252 594 2313 cedit
615 2252 750 2330 Vejento‚
772 2251 825 2312 sed
846 2256 880 2312 ut
901 2251 1048 2313 lanaficus
1067 2258 1164 2315 oestro

424 2370 592 2431 percussus,
614 2349 746 2431 Bellona,
768 2353 964 2422 tundivium
985 2361 1015 2414 et
1038 2355 1162 2431 „ingens

421 2474 509 2515 omen
529 2454 652 2533 habes,”
672 2456 780 2532 inquit,
800 2458 919 2532 „magni
941 2458 1072 2535 clarique
1094 2460 1244 2539 triumphi.

426 2561 539 2634 Regem
561 2561 690 2636 aliquem
710 2560 821 2638 capies,
841 2566 894 2621 aut
914 2560 952 2620 de
973 2567 1089 2621 temone
1106 2562 1250 2623 Britanno

421 2662 541 2723 excidet
560 2663 734 2738 Aruiragus.
775 2663 939 2738 Peregrina
959 2669 1007 2724 est
1028 2664 1126 2743 belua,
1147 2665 1245 2725 cernis

425 2769 539 2826 erectas
559 2766 591 2824 in
610 2769 695 2840 terga
711 2765 800 2826 sudes
813 2765 850 2826 ?’'
871 2767 937 2827 Hoc
954 2767 1049 2828 defuit
1065 2785 1156 2827 uuum

421 2867 568 2936 Fabricio,
588 2869 714 2946 patriam
732 2873 766 2929 ut
785 2867 900 2928 rhombi
928 2875 1103 2932 memoraret
1123 2875 1155 2932 et
1175 2889 1278 2932 annos

389 3061 460 3126 ‘lali
477 3061 573 3148 igitur
596 3061 757 3148 prudentia
776 3068 807 3127 et
830 3063 1005 3127 adulatione
1030 3065 1129 3128 effecit
1153 3069 1187 3128 ut
1211 3063 1320 3130 Dour·
1375 3058 1379 3064 ’

339 3197 445 3241 urnno
481 3183 632 3263 superstes
667 3183 754 3256 esset,
787 3201 848 3263 quo
864 3178 965 3243 occiso
990 3177 1217 3245 Vrsrnronrm
1240 3180 1322 3246 inter

341 3296 496 3357 senatores
528 3293 712 3357 offendimus
739 3294 820 3380 apud
856 3293 1008 3358 Pururum
1027 3294 1131 3379 Epist.
1154 3293 1238 3359 Libr.
1261 3295 1322 3391 IX,

339 3429 386 3492 ep.
410 3409 506 3486 XIII,
527 3408 581 3492 ¹qui
601 3414 705 3473 narrat
728 3409 812 3474 sein
826 3414 933 3473 senatu
956 3429 1114 3472 accusasse
1126 3407 1321 3473 Puuurorurr

337 3519 493 3598 Cunnum,
506 3543 593 3603 quem
606 3522 695 3584 multi
707 3526 861 3585 senatores
879 3521 1085 3598 defenderent,
1104 3522 1214 3606 quibus
1225 3544 1319 3606 quum

339 3636 546 3724 respondisset
557 3635 709 3712 Prnnros,
731 3635 1081 3701 Vernuronruiterum
1101 3636 1214 3701 frustra
1229 3639 1319 3702 verba

340 3754 437 3818 lacere
462 3755 604 3816 conatum
627 3773 701 3828 esse,
724 3749 796 3834 quia
819 3749 955 3814 oratione
980 3772 1035 3814 sua
1055 3750 1213 3835 plerosque
1233 3774 1320 3816 sena-

342 3871 423 3932 tores
459 3867 496 3930 ad
518 3889 601 3930 suam
620 3865 800 3929 seutentiam
825 3864 1023 3951 perduxisset.
1070 3864 1218 3950 Legimus
1237 3866 1318 3935 enim

338 3980 393 4043 ll.
422 3982 439 4064 b
467 3983 522 4042 19:
548 3978 673 4043 atinio:
697 3977 808 4063 incipit
830 3977 1011 4062 respondere
1029 3977 1201 4042 Vrsmrro:
1226 4001 1315 4044 nemo

339 4094 491 4180 epatitur:
516 4093 711 4171 obturbatur,
734 4092 937 4178 obstrepitur,
972 4092 1046 4156 adeo
1070 4091 1193 4178 quidem
1209 4098 1245 4156 ut
1268 4094 1317 4159 di-

340 4216 443 4275 nceret
468 4232 595 4296 arrogo,
617 4214 718 4295 patres
740 4208 914 4294 conscripti,
936 4231 975 4272 ue
1006 4231 1054 4273 me
1079 4209 1196 4296 cogatis
1215 4210 1317 4296 inplo-

340 4347 448 4390 muare
473 4323 620 4388 auxilium
641 4323 877 4388 tribunorum.’”'
899 4323 941 4387 Et
961 4323 1064 4388 statim
1088 4323 1239 4388 Murmur
1260 4324 1317 4387 tri-

304 4428 319 4452 *
340 4438 461 4504 abunus
473 4437 658 4526 repermitto
669 4437 736 4515 tibi,
748 4437 793 4503 vir
819 4436 985 4502 clarissime
997 4437 1161 4514 Versum,
1173 4435 1319 4505 dioere.'’'’

1157 4554 1176 4612 9
