<?xml version="1.0" encoding="UTF-8"?>
<!DOCTYPE html PUBLIC "-//W3C//DTD XHTML 1.0 Transitional//EN"
    "http://www.w3.org/TR/xhtml1/DTD/xhtml1-transitional.dtd">
<html xmlns="http://www.w3.org/1999/xhtml" xml:lang="en" lang="en">
 <head>
  <title>
</title>
<meta http-equiv="Content-Type" content="text/html;charset=utf-8" />
  <meta name='ocr-system' content='tesseract 3.04.00' />
  <meta name='ocr-capabilities' content='ocr_page ocr_carea ocr_par ocr_line ocrx_word'/>
</head>
<body>
  <div class='ocr_page' id='page_1' title='image "./specimenliterar00epkegoog_0107.png"; bbox 0 0 3200 5525; ppageno 0'>
   <div class='ocr_carea' id='block_1_1' title="bbox 779 739 821 799">
    <p class='ocr_par' dir='ltr' id='par_1_1' title="bbox 779 739 821 799">
     <span class='ocr_line' id='line_1_1' title="bbox 779 739 821 799; baseline 0.024 -1"><span class='ocrx_word' id='word_1_1' title='bbox 779 739 821 799; x_wconf 80' lang='lat'>93</span> 
     </span>
    </p>
   </div>
   <div class='ocr_carea' id='block_1_2' title="bbox 308 916 1285 1581">
    <p class='ocr_par' dir='ltr' id='par_1_2' title="bbox 308 916 1285 1581">
     <span class='ocr_line' id='line_1_2' title="bbox 308 916 1281 1006; baseline 0.005 -23"><span class='ocrx_word' id='word_1_2' title='bbox 308 918 479 983; x_wconf 84' lang='lat' dir='ltr'>Ariminum</span> <span class='ocrx_word' id='word_1_3' title='bbox 504 922 585 983; x_wconf 85' lang='lat' dir='ltr'>terra</span> <span class='ocrx_word' id='word_1_4' title='bbox 608 916 742 1001; x_wconf 90' lang='lat' dir='ltr'>marique</span> <span class='ocrx_word' id='word_1_5' title='bbox 766 938 926 1004; x_wconf 82' lang='lat' dir='ltr'>aggressus</span> <span class='ocrx_word' id='word_1_6' title='bbox 950 923 1005 997; x_wconf 91' lang='lat' dir='ltr'>est,</span> <span class='ocrx_word' id='word_1_7' title='bbox 1028 920 1165 1006; x_wconf 87' lang='lat' dir='ltr'>adquem</span> <span class='ocrx_word' id='word_1_8' title='bbox 1179 922 1281 989; x_wconf 88' lang='lat' dir='ltr'>locum</span> 
     </span>
     <span class='ocr_line' id='line_1_3' title="bbox 308 1030 1282 1121; baseline 0.004 -24"><span class='ocrx_word' id='word_1_9' title='bbox 308 1030 528 1097; x_wconf 89' lang='lat' dir='ltr'>defendendum</span> <span class='ocrx_word' id='word_1_10' title='bbox 551 1030 680 1096; x_wconf 77' lang='lat' dir='ltr'>Fusius</span> <span class='ocrx_word' id='word_1_11' title='bbox 710 1030 861 1109; x_wconf 66' lang='lat' dir='ltr'>Veniens,</span> <span class='ocrx_word' id='word_1_12' title='bbox 884 1032 947 1095; x_wconf 80' lang='lat' dir='ltr'>dnn</span> <span class='ocrx_word' id='word_1_13' title='bbox 972 1032 1144 1113; x_wconf 77' lang='lat' dir='ltr'>Virunum,</span> <span class='ocrx_word' id='word_1_14' title='bbox 1166 1037 1282 1121; x_wconf 83' lang='lat' dir='ltr'>aliquot</span> 
     </span>
     <span class='ocr_line' id='line_1_4' title="bbox 309 1142 1282 1236; baseline 0.002 -24"><span class='ocrx_word' id='word_1_15' title='bbox 309 1148 448 1213; x_wconf 80' lang='lat' dir='ltr'><strong>cohortes</strong></span> <span class='ocrx_word' id='word_1_16' title='bbox 464 1146 595 1211; x_wconf 79' lang='lat' dir='ltr'><strong>miserat.</strong></span> <span class='ocrx_word' id='word_1_17' title='bbox 641 1143 819 1207; x_wconf 81' lang='lat' dir='ltr'>Vitellianis</span> <span class='ocrx_word' id='word_1_18' title='bbox 843 1142 925 1208; x_wconf 84' lang='lat' dir='ltr'>brevi</span> <span class='ocrx_word' id='word_1_19' title='bbox 939 1150 1008 1231; x_wconf 92' lang='lat' dir='ltr'>post</span> <span class='ocrx_word' id='word_1_20' title='bbox 1032 1147 1144 1232; x_wconf 90' lang='lat' dir='ltr'>ubique</span> <span class='ocrx_word' id='word_1_21' title='bbox 1168 1149 1282 1236; x_wconf 79' lang='lat' dir='ltr'>fugatis</span> 
     </span>
     <span class='ocr_line' id='line_1_5' title="bbox 308 1258 1284 1349; baseline 0 -20"><span class='ocrx_word' id='word_1_22' title='bbox 308 1271 340 1329; x_wconf 88' lang='lat' dir='ltr'>et</span> <span class='ocrx_word' id='word_1_23' title='bbox 361 1264 429 1349; x_wconf 87' lang='lat' dir='ltr'>ipso</span> <span class='ocrx_word' id='word_1_24' title='bbox 453 1261 624 1325; x_wconf 79' lang='lat' dir='ltr'>Vrnanmo</span> <span class='ocrx_word' id='word_1_25' title='bbox 639 1262 755 1336; x_wconf 86' lang='lat' dir='ltr'>necato,</span> <span class='ocrx_word' id='word_1_26' title='bbox 778 1258 1014 1325; x_wconf 78' lang='lat' dir='ltr'>Vssrnsmuus</span> <span class='ocrx_word' id='word_1_27' title='bbox 1034 1264 1198 1349; x_wconf 86' lang='lat' dir='ltr'>imperator</span> <span class='ocrx_word' id='word_1_28' title='bbox 1219 1266 1284 1329; x_wconf 84' lang='lat' dir='ltr'>fac·</span> 
     </span>
     <span class='ocr_line' id='line_1_6' title="bbox 308 1373 1285 1462; baseline 0.002 -21"><span class='ocrx_word' id='word_1_29' title='bbox 308 1381 369 1456; x_wconf 92' lang='lat' dir='ltr'>tus,</span> <span class='ocrx_word' id='word_1_30' title='bbox 391 1376 464 1442; x_wconf 90' lang='lat' dir='ltr'>belli</span> <span class='ocrx_word' id='word_1_31' title='bbox 489 1375 591 1453; x_wconf 89' lang='lat' dir='ltr'>duces,</span> <span class='ocrx_word' id='word_1_32' title='bbox 611 1373 664 1459; x_wconf 90' lang='lat' dir='ltr'>qni</span> <span class='ocrx_word' id='word_1_33' title='bbox 688 1394 743 1459; x_wconf 87' lang='lat' dir='ltr'>pro</span> <span class='ocrx_word' id='word_1_34' title='bbox 763 1395 798 1437; x_wconf 91' lang='lat' dir='ltr'>eo</span> <span class='ocrx_word' id='word_1_35' title='bbox 811 1373 931 1438; x_wconf 81' lang='lat' dir='ltr'>fortiter</span> <span class='ocrx_word' id='word_1_36' title='bbox 942 1382 1162 1462; x_wconf 88' lang='lat' dir='ltr'>pugnaverant,</span> <span class='ocrx_word' id='word_1_37' title='bbox 1184 1401 1285 1443; x_wconf 89' lang='lat' dir='ltr'>remn-</span> 
     </span>
     <span class='ocr_line' id='line_1_7' title="bbox 308 1487 1285 1581; baseline 0.002 -26"><span class='ocrx_word' id='word_1_38' title='bbox 308 1495 432 1557; x_wconf 86' lang='lat' dir='ltr'>neratus</span> <span class='ocrx_word' id='word_1_39' title='bbox 466 1494 523 1568; x_wconf 85' lang='lat' dir='ltr'>est,</span> <span class='ocrx_word' id='word_1_40' title='bbox 552 1490 586 1554; x_wconf 92' lang='lat' dir='ltr'>in</span> <span class='ocrx_word' id='word_1_41' title='bbox 617 1488 727 1572; x_wconf 92' lang='lat' dir='ltr'>quibus</span> <span class='ocrx_word' id='word_1_42' title='bbox 761 1487 959 1553; x_wconf 81' lang='lat' dir='ltr'>Conusnrus</span> <span class='ocrx_word' id='word_1_43' title='bbox 987 1489 1117 1555; x_wconf 80' lang='lat' dir='ltr'><strong>Fuscus</strong></span> <span class='ocrx_word' id='word_1_44' title='bbox 1151 1492 1285 1581; x_wconf 83' lang='lat' dir='ltr'>iusignia</span> 
     </span>
    </p>
   </div>
   <div class='ocr_carea' id='block_1_3' title="bbox 309 1604 1286 2148">
    <p class='ocr_par' dir='ltr' id='par_1_3' title="bbox 309 1604 607 1691">
     <span class='ocr_line' id='line_1_8' title="bbox 309 1604 607 1691; baseline -0.007 -22"><span class='ocrx_word' id='word_1_45' title='bbox 309 1606 459 1691; x_wconf 85' lang='lat' dir='ltr'>praetoria</span> <span class='ocrx_word' id='word_1_46' title='bbox 481 1604 607 1690; x_wconf 88' lang='lat' dir='ltr'>aceepit.</span> 
     </span>
    </p>

    <p class='ocr_par' dir='ltr' id='par_1_4' title="bbox 309 1715 1286 2148">
     <span class='ocr_line' id='line_1_9' title="bbox 353 1715 1286 1804; baseline 0 -19"><span class='ocrx_word' id='word_1_47' title='bbox 353 1719 462 1785; x_wconf 76' lang='lat' dir='ltr'>Eidem</span> <span class='ocrx_word' id='word_1_48' title='bbox 485 1718 604 1796; x_wconf 80' lang='lat' dir='ltr'>Fusco,</span> <span class='ocrx_word' id='word_1_49' title='bbox 627 1717 777 1802; x_wconf 85' lang='lat' dir='ltr'>praefecto</span> <span class='ocrx_word' id='word_1_50' title='bbox 814 1715 986 1781; x_wconf 85' lang='lat' dir='ltr'>cohortium</span> <span class='ocrx_word' id='word_1_51' title='bbox 1017 1719 1286 1804; x_wconf 85' lang='lat' dir='ltr'>praetorianarum,</span> 
     </span>
     <span class='ocr_line' id='line_1_10' title="bbox 309 1831 1285 1920; baseline -0.002 -20"><span class='ocrx_word' id='word_1_52' title='bbox 309 1836 499 1900; x_wconf 79' lang='lat' dir='ltr'>Scnrourus</span> <span class='ocrx_word' id='word_1_53' title='bbox 523 1835 558 1897; x_wconf 77' lang='lat' dir='ltr'>ia</span> <span class='ocrx_word' id='word_1_54' title='bbox 580 1833 647 1896; x_wconf 82' lang='lat' dir='ltr'>vita</span> <span class='ocrx_word' id='word_1_55' title='bbox 671 1831 846 1895; x_wconf 79' lang='lat' dir='ltr'>Domitiani</span> <span class='ocrx_word' id='word_1_56' title='bbox 870 1852 933 1916; x_wconf 85' lang='lat' dir='ltr'>cap.</span> <span class='ocrx_word' id='word_1_57' title='bbox 957 1831 1007 1895; x_wconf 89' lang='lat' dir='ltr'>VI</span> <span class='ocrx_word' id='word_1_58' title='bbox 1030 1837 1133 1896; x_wconf 87' lang='lat' dir='ltr'>narrat</span> <span class='ocrx_word' id='word_1_59' title='bbox 1155 1833 1285 1920; x_wconf 88' lang='lat' dir='ltr'>impera·</span> 
     </span>
     <span class='ocr_line' id='line_1_11' title="bbox 309 1944 1285 2033; baseline -0.002 -18"><span class='ocrx_word' id='word_1_60' title='bbox 309 1956 405 2015; x_wconf 89' lang='lat' dir='ltr'>torem</span> <span class='ocrx_word' id='word_1_61' title='bbox 436 1950 524 2014; x_wconf 92' lang='lat' dir='ltr'>illum</span> <span class='ocrx_word' id='word_1_62' title='bbox 559 1945 634 2022; x_wconf 88' lang='lat' dir='ltr'>belli</span> <span class='ocrx_word' id='word_1_63' title='bbox 657 1944 766 2008; x_wconf 86' lang='lat' dir='ltr'>Ducici</span> <span class='ocrx_word' id='word_1_64' title='bbox 787 1967 934 2008; x_wconf 88' lang='lat' dir='ltr'>summam</span> <span class='ocrx_word' id='word_1_65' title='bbox 955 1947 1149 2027; x_wconf 80' lang='lat' dir='ltr'>commisisse,</span> <span class='ocrx_word' id='word_1_66' title='bbox 1171 1949 1285 2033; x_wconf 90' lang='lat' dir='ltr'>inquo</span> 
     </span>
     <span class='ocr_line' id='line_1_12' title="bbox 309 2058 1285 2148; baseline -0.001 -20"><span class='ocrx_word' id='word_1_67' title='bbox 309 2063 388 2129; x_wconf 89' lang='lat' dir='ltr'>bello</span> <span class='ocrx_word' id='word_1_68' title='bbox 415 2062 452 2127; x_wconf 87' lang='lat' dir='ltr'>ab</span> <span class='ocrx_word' id='word_1_69' title='bbox 475 2060 614 2126; x_wconf 78' lang='lat' dir='ltr'>hostibus</span> <span class='ocrx_word' id='word_1_70' title='bbox 638 2081 798 2146; x_wconf 89' lang='lat' dir='ltr'>oppressus</span> <span class='ocrx_word' id='word_1_71' title='bbox 822 2058 1001 2123; x_wconf 87' lang='lat' dir='ltr'>interfectus</span> <span class='ocrx_word' id='word_1_72' title='bbox 1025 2060 1075 2124; x_wconf 89' lang='lat' dir='ltr'>sit.</span> <span class='ocrx_word' id='word_1_73' title='bbox 1122 2062 1172 2126; x_wconf 82' lang='lat' dir='ltr'>Ad</span> <span class='ocrx_word' id='word_1_74' title='bbox 1197 2064 1285 2148; x_wconf 87' lang='lat' dir='ltr'>cujus</span> 
     </span>
    </p>
   </div>
   <div class='ocr_carea' id='block_1_4' title="bbox 308 2174 1285 2378">
    <p class='ocr_par' dir='ltr' id='par_1_5' title="bbox 308 2174 1285 2378">
     <span class='ocr_line' id='line_1_13' title="bbox 308 2174 1285 2261; baseline 0 -18"><span class='ocrx_word' id='word_1_75' title='bbox 308 2183 435 2243; x_wconf 90' lang='lat' dir='ltr'>mortem</span> <span class='ocrx_word' id='word_1_76' title='bbox 466 2176 576 2243; x_wconf 77' lang='lat' dir='ltr'>alludit</span> <span class='ocrx_word' id='word_1_77' title='bbox 607 2175 629 2239; x_wconf 89' lang='lat' dir='ltr'><strong>J</strong></span> <span class='ocrx_word' id='word_1_78' title='bbox 631 2196 797 2239; x_wconf 71' lang='lat' dir='ltr'>ussurus</span> <span class='ocrx_word' id='word_1_79' title='bbox 829 2175 848 2240; x_wconf 94' lang='lat' dir='ltr'>l.</span> <span class='ocrx_word' id='word_1_80' title='bbox 872 2174 892 2238; x_wconf 89' lang='lat' dir='ltr'>l.</span> <span class='ocrx_word' id='word_1_81' title='bbox 923 2180 954 2239; x_wconf 90' lang='lat' dir='ltr'>et</span> <span class='ocrx_word' id='word_1_82' title='bbox 974 2176 1055 2261; x_wconf 88' lang='lat' dir='ltr'>apud</span> <span class='ocrx_word' id='word_1_83' title='bbox 1075 2176 1285 2243; x_wconf 78' lang='lat' dir='ltr'>Mancrnnnn</span> 
     </span>
     <span class='ocr_line' id='line_1_14' title="bbox 310 2287 1191 2378; baseline -0.002 -21"><span class='ocrx_word' id='word_1_84' title='bbox 310 2292 393 2359; x_wconf 86' lang='lat' dir='ltr'>Libr.</span> <span class='ocrx_word' id='word_1_85' title='bbox 417 2292 476 2372; x_wconf 87' lang='lat' dir='ltr'>VI,</span> <span class='ocrx_word' id='word_1_86' title='bbox 498 2315 543 2377; x_wconf 91' lang='lat' dir='ltr'>ep.</span> <span class='ocrx_word' id='word_1_87' title='bbox 564 2289 708 2355; x_wconf 82' lang='lat' dir='ltr'>LXXVI</span> <span class='ocrx_word' id='word_1_88' title='bbox 730 2288 810 2354; x_wconf 91' lang='lat' dir='ltr'>illud</span> <span class='ocrx_word' id='word_1_89' title='bbox 833 2287 1022 2377; x_wconf 82' lang='lat' dir='ltr'>epitaphium</span> <span class='ocrx_word' id='word_1_90' title='bbox 1046 2290 1191 2378; x_wconf 84' lang='lat' dir='ltr'>legimns:</span> 
     </span>
    </p>
   </div>
   <div class='ocr_carea' id='block_1_5' title="bbox 389 2504 1208 3093">
    <p class='ocr_par' dir='ltr' id='par_1_6' title="bbox 389 2504 1096 2688">
     <span class='ocr_line' id='line_1_15' title="bbox 389 2504 1096 2585; baseline 0.004 -22"><span class='ocrx_word' id='word_1_91' title='bbox 389 2505 445 2565; x_wconf 91' lang='lat' dir='ltr'>Ille</span> <span class='ocrx_word' id='word_1_92' title='bbox 467 2505 543 2566; x_wconf 87' lang='lat' dir='ltr'>sacri</span> <span class='ocrx_word' id='word_1_93' title='bbox 565 2504 667 2565; x_wconf 86' lang='lat' dir='ltr'>lateris</span> <span class='ocrx_word' id='word_1_94' title='bbox 688 2508 787 2565; x_wconf 86' lang='lat' dir='ltr'>eustos</span> <span class='ocrx_word' id='word_1_95' title='bbox 811 2504 975 2582; x_wconf 86' lang='lat' dir='ltr'>Martisque</span> <span class='ocrx_word' id='word_1_96' title='bbox 992 2507 1096 2585; x_wconf 82' lang='lat' dir='ltr'>togati,</span> 
     </span>
     <span class='ocr_line' id='line_1_16' title="bbox 431 2606 1074 2688; baseline -0.002 -19"><span class='ocrx_word' id='word_1_97' title='bbox 431 2608 544 2669; x_wconf 86' lang='lat' dir='ltr'>credita</span> <span class='ocrx_word' id='word_1_98' title='bbox 562 2607 610 2668; x_wconf 88' lang='lat' dir='ltr'>cui</span> <span class='ocrx_word' id='word_1_99' title='bbox 632 2606 737 2667; x_wconf 89' lang='lat' dir='ltr'>summi</span> <span class='ocrx_word' id='word_1_100' title='bbox 757 2611 855 2668; x_wconf 86' lang='lat' dir='ltr'>castra</span> <span class='ocrx_word' id='word_1_101' title='bbox 877 2607 959 2668; x_wconf 85' lang='lat' dir='ltr'>fuere</span> <span class='ocrx_word' id='word_1_102' title='bbox 981 2609 1074 2688; x_wconf 88' lang='lat' dir='ltr'>ducis,</span> 
     </span>
    </p>

    <p class='ocr_par' dir='ltr' id='par_1_7' title="bbox 389 2708 1208 2888">
     <span class='ocr_line' id='line_1_17' title="bbox 389 2708 1208 2788; baseline 0.001 -18"><span class='ocrx_word' id='word_1_103' title='bbox 389 2709 439 2772; x_wconf 80' lang='lat' dir='ltr'>hle</span> <span class='ocrx_word' id='word_1_104' title='bbox 460 2711 535 2772; x_wconf 87' lang='lat' dir='ltr'>situs</span> <span class='ocrx_word' id='word_1_105' title='bbox 555 2714 602 2771; x_wconf 90' lang='lat' dir='ltr'>est</span> <span class='ocrx_word' id='word_1_106' title='bbox 622 2709 747 2770; x_wconf 84' lang='lat' dir='ltr'>Fuscus.</span> <span class='ocrx_word' id='word_1_107' title='bbox 769 2708 857 2770; x_wconf 84' lang='lat' dir='ltr'>Licet</span> <span class='ocrx_word' id='word_1_108' title='bbox 873 2709 937 2788; x_wconf 93' lang='lat' dir='ltr'>hoc,</span> <span class='ocrx_word' id='word_1_109' title='bbox 958 2710 1105 2779; x_wconf 79' lang='lat' dir='ltr'>Fortuna,</span> <span class='ocrx_word' id='word_1_110' title='bbox 1120 2710 1208 2773; x_wconf 80' lang='lat' dir='ltr'>lateri</span> 
     </span>
     <span class='ocr_line' id='line_1_18' title="bbox 430 2808 1114 2888; baseline 0.001 -17"><span class='ocrx_word' id='word_1_111' title='bbox 430 2829 489 2872; x_wconf 90' lang='lat' dir='ltr'>uon</span> <span class='ocrx_word' id='word_1_112' title='bbox 507 2813 593 2872; x_wconf 84' lang='lat' dir='ltr'>timet</span> <span class='ocrx_word' id='word_1_113' title='bbox 612 2811 737 2871; x_wconf 80' lang='lat' dir='ltr'>hostiles</span> <span class='ocrx_word' id='word_1_114' title='bbox 748 2810 815 2887; x_wconf 89' lang='lat' dir='ltr'>jam</span> <span class='ocrx_word' id='word_1_115' title='bbox 832 2812 911 2888; x_wconf 88' lang='lat' dir='ltr'>lapis</span> <span class='ocrx_word' id='word_1_116' title='bbox 928 2808 995 2872; x_wconf 73' lang='lat' dir='ltr'>iste&#39;</span> <span class='ocrx_word' id='word_1_117' title='bbox 1006 2813 1114 2873; x_wconf 85' lang='lat' dir='ltr'>minas.</span> 
     </span>
    </p>

    <p class='ocr_par' dir='ltr' id='par_1_8' title="bbox 391 2912 1166 3093">
     <span class='ocr_line' id='line_1_19' title="bbox 391 2912 1149 2994; baseline 0.004 -20"><span class='ocrx_word' id='word_1_118' title='bbox 391 2915 512 2975; x_wconf 84' lang='lat' dir='ltr'>Grande</span> <span class='ocrx_word' id='word_1_119' title='bbox 524 2915 631 2991; x_wconf 83' lang='lat' dir='ltr'>jugum</span> <span class='ocrx_word' id='word_1_120' title='bbox 649 2912 761 2974; x_wconf 84' lang='lat' dir='ltr'>domita</span> <span class='ocrx_word' id='word_1_121' title='bbox 775 2914 876 2973; x_wconf 88' lang='lat' dir='ltr'>Dacus</span> <span class='ocrx_word' id='word_1_122' title='bbox 894 2914 1009 2975; x_wconf 85' lang='lat' dir='ltr'>cervice</span> <span class='ocrx_word' id='word_1_123' title='bbox 1027 2915 1149 2994; x_wconf 86' lang='lat' dir='ltr'>recepit,</span> 
     </span>
     <span class='ocr_line' id='line_1_20' title="bbox 432 3014 1166 3093; baseline -0.001 -13"><span class='ocrx_word' id='word_1_124' title='bbox 432 3023 463 3080; x_wconf 84' lang='lat' dir='ltr'>et</span> <span class='ocrx_word' id='word_1_125' title='bbox 481 3016 624 3079; x_wconf 88' lang='lat' dir='ltr'>famulum</span> <span class='ocrx_word' id='word_1_126' title='bbox 645 3014 754 3076; x_wconf 83' lang='lat' dir='ltr'>victrix</span> <span class='ocrx_word' id='word_1_127' title='bbox 773 3014 907 3093; x_wconf 85' lang='lat' dir='ltr'>possidet</span> <span class='ocrx_word' id='word_1_128' title='bbox 927 3017 1032 3076; x_wconf 86' lang='lat' dir='ltr'>umbra</span> <span class='ocrx_word' id='word_1_129' title='bbox 1052 3035 1166 3079; x_wconf 71' lang='lat' dir='ltr'>nemun</span> 
     </span>
    </p>
   </div>
   <div class='ocr_carea' id='block_1_6' title="bbox 308 3218 1287 4560">
    <p class='ocr_par' dir='ltr' id='par_1_9' title="bbox 308 3218 1287 4560">
     <span class='ocr_line' id='line_1_21' title="bbox 356 3218 1286 3298; baseline -0.001 -10"><span class='ocrx_word' id='word_1_130' title='bbox 356 3223 448 3295; x_wconf 80' lang='lat' dir='ltr'>Quod</span> <span class='ocrx_word' id='word_1_131' title='bbox 468 3227 568 3287; x_wconf 87' lang='lat' dir='ltr'>autem</span> <span class='ocrx_word' id='word_1_132' title='bbox 600 3220 683 3285; x_wconf 91' lang='lat' dir='ltr'>hunc</span> <span class='ocrx_word' id='word_1_133' title='bbox 706 3219 785 3285; x_wconf 87' lang='lat' dir='ltr'>ridet</span> <span class='ocrx_word' id='word_1_134' title='bbox 809 3218 1010 3298; x_wconf 75' lang='lat' dir='ltr'>Jnvnunrns,</span> <span class='ocrx_word' id='word_1_135' title='bbox 1028 3219 1074 3284; x_wconf 90' lang='lat' dir='ltr'>sio</span> <span class='ocrx_word' id='word_1_136' title='bbox 1096 3220 1130 3283; x_wconf 89' lang='lat' dir='ltr'>in</span> <span class='ocrx_word' id='word_1_137' title='bbox 1153 3219 1286 3287; x_wconf 82' lang='lat' dir='ltr'>Scholiis</span> 
     </span>
     <span class='ocr_line' id='line_1_22' title="bbox 310 3333 1287 3425; baseline 0.001 -23"><span class='ocrx_word' id='word_1_138' title='bbox 310 3337 453 3425; x_wconf 87' lang='lat' dir='ltr'>legimus:</span> <span class='ocrx_word' id='word_1_139' title='bbox 491 3337 610 3403; x_wconf 74' lang='lat' dir='ltr'>nNotat</span> <span class='ocrx_word' id='word_1_140' title='bbox 634 3338 735 3400; x_wconf 93' lang='lat' dir='ltr'>antem</span> <span class='ocrx_word' id='word_1_141' title='bbox 755 3357 833 3412; x_wconf 91' lang='lat' dir='ltr'>eum,</span> <span class='ocrx_word' id='word_1_142' title='bbox 857 3333 938 3418; x_wconf 91' lang='lat' dir='ltr'>quia,</span> <span class='ocrx_word' id='word_1_143' title='bbox 960 3355 1030 3398; x_wconf 89' lang='lat' dir='ltr'>oum</span> <span class='ocrx_word' id='word_1_144' title='bbox 1045 3335 1165 3400; x_wconf 85' lang='lat' dir='ltr'>luxuria</span> <span class='ocrx_word' id='word_1_145' title='bbox 1186 3335 1287 3403; x_wconf 89' lang='lat' dir='ltr'>difflu-</span> 
     </span>
     <span class='ocr_line' id='line_1_23' title="bbox 310 3449 1285 3536; baseline 0.007 -26"><span class='ocrx_word' id='word_1_146' title='bbox 310 3457 403 3531; x_wconf 74' lang='lat' dir='ltr'>neret,</span> <span class='ocrx_word' id='word_1_147' title='bbox 424 3452 505 3516; x_wconf 92' lang='lat' dir='ltr'>inter</span> <span class='ocrx_word' id='word_1_148' title='bbox 529 3450 647 3516; x_wconf 89' lang='lat' dir='ltr'>dilicias</span> <span class='ocrx_word' id='word_1_149' title='bbox 670 3449 819 3514; x_wconf 90' lang='lat' dir='ltr'>bellorum</span> <span class='ocrx_word' id='word_1_150' title='bbox 836 3449 1118 3515; x_wconf 79' lang='lat' dir='ltr'>actusexercebat.”</span> <span class='ocrx_word' id='word_1_151' title='bbox 1140 3449 1285 3536; x_wconf 85' lang='lat' dir='ltr'>Ejusdem</span> 
     </span>
     <span class='ocr_line' id='line_1_24' title="bbox 311 3562 1287 3646; baseline 0.001 -16"><span class='ocrx_word' id='word_1_152' title='bbox 311 3565 478 3630; x_wconf 89' lang='lat' dir='ltr'>sententiae</span> <span class='ocrx_word' id='word_1_153' title='bbox 498 3565 731 3628; x_wconf 80' lang='lat' dir='ltr'>Hmumcmus</span> <span class='ocrx_word' id='word_1_154' title='bbox 754 3568 809 3640; x_wconf 91' lang='lat' dir='ltr'>est,</span> <span class='ocrx_word' id='word_1_155' title='bbox 832 3563 886 3646; x_wconf 92' lang='lat' dir='ltr'>qni</span> <span class='ocrx_word' id='word_1_156' title='bbox 910 3562 994 3627; x_wconf 88' lang='lat' dir='ltr'>dicit:</span> <span class='ocrx_word' id='word_1_157' title='bbox 1019 3564 1287 3631; x_wconf 74' lang='lat' dir='ltr'>nDerMannwar</span> 
     </span>
     <span class='ocr_line' id='line_1_25' title="bbox 311 3674 1286 3765; baseline 0.007 -28"><span class='ocrx_word' id='word_1_158' title='bbox 311 3677 409 3743; x_wconf 73' lang='lat' dir='ltr'>nohne</span> <span class='ocrx_word' id='word_1_159' title='bbox 429 3675 716 3764; x_wconf 85' lang='lat' dir='ltr'>Kriegserfahrung,</span> <span class='ocrx_word' id='word_1_160' title='bbox 738 3675 802 3740; x_wconf 89' lang='lat' dir='ltr'>und</span> <span class='ocrx_word' id='word_1_161' title='bbox 822 3674 907 3739; x_wconf 91' lang='lat' dir='ltr'>hatte</span> <span class='ocrx_word' id='word_1_162' title='bbox 926 3674 974 3740; x_wconf 91' lang='lat' dir='ltr'>bis</span> <span class='ocrx_word' id='word_1_163' title='bbox 998 3675 1091 3740; x_wconf 89' lang='lat' dir='ltr'>dahin</span> <span class='ocrx_word' id='word_1_164' title='bbox 1114 3678 1286 3765; x_wconf 77' lang='lat' dir='ltr'>anriickge·</span> 
     </span>
     <span class='ocr_line' id='line_1_26' title="bbox 310 3789 1286 3880; baseline 0.002 -25"><span class='ocrx_word' id='word_1_165' title='bbox 310 3815 426 3880; x_wconf 74' lang='lat' dir='ltr'>naogen</span> <span class='ocrx_word' id='word_1_166' title='bbox 461 3793 516 3856; x_wconf 83' lang='lat' dir='ltr'>auf</span> <span class='ocrx_word' id='word_1_167' title='bbox 536 3793 633 3856; x_wconf 90' lang='lat' dir='ltr'>seiner</span> <span class='ocrx_word' id='word_1_168' title='bbox 665 3789 844 3878; x_wconf 87' lang='lat' dir='ltr'>prachtigen</span> <span class='ocrx_word' id='word_1_169' title='bbox 873 3789 946 3854; x_wconf 86' lang='lat' dir='ltr'>villa</span> <span class='ocrx_word' id='word_1_170' title='bbox 968 3789 1079 3875; x_wconf 87' lang='lat' dir='ltr'>gelebt,</span> <span class='ocrx_word' id='word_1_171' title='bbox 1101 3813 1147 3854; x_wconf 88' lang='lat' dir='ltr'>wo</span> <span class='ocrx_word' id='word_1_172' title='bbox 1171 3813 1204 3855; x_wconf 91' lang='lat' dir='ltr'>er</span> <span class='ocrx_word' id='word_1_173' title='bbox 1226 3814 1286 3858; x_wconf 87' lang='lat' dir='ltr'>nur</span> 
     </span>
     <span class='ocr_line' id='line_1_27' title="bbox 310 3901 1287 3988; baseline 0.006 -24"><span class='ocrx_word' id='word_1_174' title='bbox 310 3905 415 3970; x_wconf 76' lang='lat' dir='ltr'>nh&#39;atte</span> <span class='ocrx_word' id='word_1_175' title='bbox 431 3905 550 3970; x_wconf 91' lang='lat' dir='ltr'>bleibeu</span> <span class='ocrx_word' id='word_1_176' title='bbox 568 3903 696 3981; x_wconf 88' lang='lat' dir='ltr'>sollen‚”</span> <span class='ocrx_word' id='word_1_177' title='bbox 721 3903 814 3974; x_wconf 77' lang='lat' dir='ltr'>Quod</span> <span class='ocrx_word' id='word_1_178' title='bbox 833 3908 935 3967; x_wconf 86' lang='lat' dir='ltr'>tamen</span> <span class='ocrx_word' id='word_1_179' title='bbox 948 3901 1101 3988; x_wconf 88' lang='lat' dir='ltr'>judicium</span> <span class='ocrx_word' id='word_1_180' title='bbox 1124 3904 1215 3970; x_wconf 88' lang='lat' dir='ltr'>nimis</span> <span class='ocrx_word' id='word_1_181' title='bbox 1239 3928 1287 3970; x_wconf 89' lang='lat' dir='ltr'>se·</span> 
     </span>
     <span class='ocr_line' id='line_1_28' title="bbox 308 4016 1286 4104; baseline 0.002 -20"><span class='ocrx_word' id='word_1_182' title='bbox 308 4041 412 4084; x_wconf 86' lang='lat' dir='ltr'>verum</span> <span class='ocrx_word' id='word_1_183' title='bbox 449 4041 506 4083; x_wconf 89' lang='lat' dir='ltr'>nec</span> <span class='ocrx_word' id='word_1_184' title='bbox 529 4019 618 4104; x_wconf 88' lang='lat' dir='ltr'>plane</span> <span class='ocrx_word' id='word_1_185' title='bbox 638 4040 742 4082; x_wconf 89' lang='lat' dir='ltr'>verum</span> <span class='ocrx_word' id='word_1_186' title='bbox 763 4039 827 4081; x_wconf 88' lang='lat' dir='ltr'>esse</span> <span class='ocrx_word' id='word_1_187' title='bbox 850 4017 926 4080; x_wconf 91' lang='lat' dir='ltr'>mihi</span> <span class='ocrx_word' id='word_1_188' title='bbox 951 4016 1080 4095; x_wconf 88' lang='lat' dir='ltr'>videtur,</span> <span class='ocrx_word' id='word_1_189' title='bbox 1103 4017 1175 4102; x_wconf 86' lang='lat' dir='ltr'>qnia</span> <span class='ocrx_word' id='word_1_190' title='bbox 1198 4023 1229 4084; x_wconf 91' lang='lat' dir='ltr'>et</span> <span class='ocrx_word' id='word_1_191' title='bbox 1252 4020 1286 4086; x_wconf 90' lang='lat' dir='ltr'>in</span> 
     </span>
     <span class='ocr_line' id='line_1_29' title="bbox 308 4131 1287 4217; baseline 0.004 -20"><span class='ocrx_word' id='word_1_192' title='bbox 308 4132 399 4198; x_wconf 87' lang='lat' dir='ltr'>bellis</span> <span class='ocrx_word' id='word_1_193' title='bbox 421 4132 561 4198; x_wconf 87' lang='lat' dir='ltr'>civilibus</span> <span class='ocrx_word' id='word_1_194' title='bbox 586 4155 684 4197; x_wconf 83' lang='lat' dir='ltr'>aerem</span> <span class='ocrx_word' id='word_1_195' title='bbox 709 4132 816 4195; x_wconf 89' lang='lat' dir='ltr'>ducem</span> <span class='ocrx_word' id='word_1_196' title='bbox 837 4153 868 4195; x_wconf 94' lang='lat' dir='ltr'>se</span> <span class='ocrx_word' id='word_1_197' title='bbox 890 4131 1052 4217; x_wconf 86' lang='lat' dir='ltr'>praestitit,</span> <span class='ocrx_word' id='word_1_198' title='bbox 1076 4137 1112 4197; x_wconf 91' lang='lat' dir='ltr'>ut</span> <span class='ocrx_word' id='word_1_199' title='bbox 1139 4133 1287 4201; x_wconf 77' lang='lat' dir='ltr'>Tncrrns</span> 
     </span>
     <span class='ocr_line' id='line_1_30' title="bbox 308 4243 1287 4324; baseline 0.006 -16"><span class='ocrx_word' id='word_1_200' title='bbox 308 4269 364 4310; x_wconf 91' lang='lat' dir='ltr'>nos</span> <span class='ocrx_word' id='word_1_201' title='bbox 389 4247 501 4324; x_wconf 87' lang='lat' dir='ltr'>docuit,</span> <span class='ocrx_word' id='word_1_202' title='bbox 524 4250 555 4310; x_wconf 88' lang='lat' dir='ltr'>et</span> <span class='ocrx_word' id='word_1_203' title='bbox 579 4246 681 4309; x_wconf 87' lang='lat' dir='ltr'>Dacos</span> <span class='ocrx_word' id='word_1_204' title='bbox 706 4243 833 4322; x_wconf 91' lang='lat' dir='ltr'>domuit,</span> <span class='ocrx_word' id='word_1_205' title='bbox 853 4248 888 4308; x_wconf 91' lang='lat' dir='ltr'>ut</span> <span class='ocrx_word' id='word_1_206' title='bbox 909 4244 1287 4314; x_wconf 77' lang='lat' dir='ltr'>conficitureloeoMan·</span> 
     </span>
     <span class='ocr_line' id='line_1_31' title="bbox 308 4359 1284 4448; baseline 0.001 -23"><span class='ocrx_word' id='word_1_207' title='bbox 308 4380 427 4426; x_wconf 74' lang='lat' dir='ltr'>umus.</span> <span class='ocrx_word' id='word_1_208' title='bbox 474 4359 577 4424; x_wconf 85' lang='lat' dir='ltr'>Verba</span> <span class='ocrx_word' id='word_1_209' title='bbox 612 4363 712 4424; x_wconf 88' lang='lat' dir='ltr'>autem</span> <span class='ocrx_word' id='word_1_210' title='bbox 750 4381 935 4423; x_wconf 72' lang='lat' dir='ltr'>amarmorea</span> <span class='ocrx_word' id='word_1_211' title='bbox 969 4361 1134 4426; x_wconf 87' lang='lat' dir='ltr'>meditatus</span> <span class='ocrx_word' id='word_1_212' title='bbox 1169 4363 1284 4448; x_wconf 83' lang='lat' dir='ltr'>proelia</span> 
     </span>
     <span class='ocr_line' id='line_1_32' title="bbox 309 4472 1283 4560; baseline 0.009 -28"><span class='ocrx_word' id='word_1_213' title='bbox 309 4472 432 4552; x_wconf 68' lang='lat' dir='ltr'>uvilla‚&#39;’</span> <span class='ocrx_word' id='word_1_214' title='bbox 457 4473 511 4538; x_wconf 89' lang='lat' dir='ltr'>illa</span> <span class='ocrx_word' id='word_1_215' title='bbox 535 4476 671 4560; x_wconf 87' lang='lat' dir='ltr'>tempora</span> <span class='ocrx_word' id='word_1_216' title='bbox 694 4472 843 4559; x_wconf 86' lang='lat' dir='ltr'>respicere</span> <span class='ocrx_word' id='word_1_217' title='bbox 863 4472 938 4538; x_wconf 92' lang='lat' dir='ltr'>mihi</span> <span class='ocrx_word' id='word_1_218' title='bbox 958 4474 1112 4553; x_wconf 82' lang='lat' dir='ltr'>videntur,</span> <span class='ocrx_word' id='word_1_219' title='bbox 1134 4496 1236 4560; x_wconf 89' lang='lat' dir='ltr'>quum,</span> <span class='ocrx_word' id='word_1_220' title='bbox 1248 4481 1283 4541; x_wconf 91' lang='lat' dir='ltr'>ut</span> 
     </span>
    </p>
   </div>
   <div class='ocr_carea' id='block_1_7' title="bbox 0 0 1606 5525">
    <p class='ocr_par' dir='ltr' id='par_1_10' title="bbox 0 0 1606 5525">
     <span class='ocr_line' id='line_1_33' title="bbox 0 0 1606 5525; baseline 0 0"><span class='ocrx_word' id='word_1_221' title='bbox 0 0 1606 5525; x_wconf 95' lang='lat' dir='ltr'> </span> 
     </span>
    </p>
   </div>
  </div>
 </body>
</html>
