3200 5525
743 724 808 789 169

282 906 400 993 judicio
420 907 453 970 in
478 906 562 970 euna
587 927 685 970 eoram
710 905 891 993 imperatore
913 909 944 969 et
956 904 1084 969 libertis.
1109 904 1258 968 Gaurum

285 1023 379 1101 illius,
414 1022 451 1087 de
487 1044 546 1105 quo
568 1041 658 1106 snpra
681 1020 776 1084 locuti
801 1041 916 1098 sumus,
936 1019 1064 1084 libertus
1080 1019 1259 1084 Ganansus

286 1158 406 1221 quoque
438 1135 472 1198 ia
504 1134 617 1198 curiam
650 1132 760 1197 duetus
792 1138 839 1197 est
866 1138 897 1198 et
933 1133 1055 1219 roganti
1087 1132 1259 1197 Naaorsso

287 1250 360 1337 qnid
384 1249 521 1312 facturus
545 1251 632 1323 esset,
655 1246 681 1311 si
706 1246 884 1314 Gauianus
901 1269 1002 1311 rerum
1033 1249 1111 1309 esset
1135 1246 1261 1332 potitus,

286 1362 478 1449 respondisse
498 1367 640 1426 narratur
672 1384 689 1425 a
713 1361 827 1426 Dronu
851 1361 973 1426 OrssIo
995 1361 1081 1427 Libr.
1104 1361 1175 1439 LX,
1194 1342 1262 1447 μς

290 1481 353 1542 675
392 1477 439 1541 D:
481 1487 633 1562 ,tordaria
654 1485 689 1543 ἄν
706 1486 828 1558 ὄπισθενΙ
845 1486 940 1543 αὐτοῦ
956 1481 1178 1561 καὶέσιώπων,”
1214 1473 1262 1537 his

287 1591 386 1656 verbis
411 1591 611 1655 Narcissum
643 1588 779 1674 culpans,
802 1588 855 1672 qui
878 1609 978 1652 eoram
1003 1593 1132 1674 patrono
1150 1593 1182 1653 et
1204 1590 1262 1653 im-

288 1713 424 1794 peratore
459 1705 584 1769 nimiam
620 1711 651 1767 et
687 1703 809 1767 dicendi
842 1708 872 1767 et
896 1703 1004 1789 agendi
1028 1703 1183 1767 licentiam
1204 1702 1262 1767 sibi

288 1826 452 1909 arrogaret.

335 1936 440 2008 Quum
463 1936 501 1999 A.
517 1933 557 1996 U.
583 1936 648 1997 796
675 1932 715 2017 (p.
739 1930 811 1995 Chr.
837 1934 894 2016 48)
919 1932 1156 2011 A.Pr,anr1us,
1178 1955 1264 1998 exer-

290 2052 365 2117 citui
390 2050 567 2136 praefectus,
590 2046 812 2134 expeditionem
837 2046 869 2109 in
890 2046 1081 2111 Britanniam
1106 2052 1265 2133 susceptu·

289 2189 341 2231 rus
373 2170 461 2243 esset,
496 2164 667 2246 militesque
697 2162 795 2247 primo
830 2167 992 2247 negassent
1015 2184 1046 2225 se
1068 2162 1167 2225 ituros
1191 2183 1266 2240 esse,

293 2288 441 2369 ,dgyup,”
463 2283 499 2342 ut
518 2278 616 2341 tradit
625 2277 692 2341 Dio
713 2277 855 2341 Oassrus
871 2277 955 2341 Libr.
978 2276 1048 2353 LX,
1059 2300 1127 2362 pag.
1145 2279 1210 2342 677
1224 2277 1265 2353 Ι),

292 2405 361 2476 πἔξω
381 2409 430 2474 τῆς
452 2402 618 2476 οἰκουμένης
648 2405 877 2477 στρατεύσοντες
902 2392 1266 2479 ἠγανάκτουν,”ΝΔΒοΙ3-

291 2528 349 2569 sus
362 2528 379 2568 a
398 2505 553 2568 Carnunto
572 2503 682 2567 missus
694 2508 749 2580 est,
769 2503 822 2586 qui
843 2525 894 2566 eos
906 2503 944 2566 ad
956 2504 1089 2567 officium
1102 2505 1262 2591 redigeret.

291 2618 354 2690 Qui
379 2640 471 2703 quum
493 2618 528 2682 de
553 2618 700 2682 tribunali
720 2617 887 2681 exereitum
907 2616 1121 2701 alloqueretur,
1143 2620 1266 2698 milites,

291 2756 359 2798 eum
394 2738 538 2817 tanquam
565 2731 709 2796 libertum
743 2731 915 2811 irridentes,
943 2732 1160 2798 exclamarunt.
1208 2736 1265 2800 an

293 2845 516 2925 aSaturnalia,”
547 2850 578 2910 et
601 2845 783 2910 Pnaurrnn
807 2852 914 2932 sponte
936 2848 970 2912 in
997 2848 1190 2914 Britanniam
1219 2873 1266 2916 se-

291 2963 356 3028 euti
376 2967 457 3027 sunt.
1188 2930 1199 2946 ³

337 3079 538 3142 Massiuae
561 3100 652 3161 quum
669 3077 849 3162 jamdudum
872 3079 1064 3166 turpissimae
1088 3081 1210 3146 libidini
1234 3106 1266 3148 se

292 3193 424 3259 dedisset
443 3193 614 3278 multosque
637 3192 791 3258 habuisset
815 3198 971 3264 amatores.
983 3196 1058 3279 quin
1070 3197 1161 3262 etiam
1173 3203 1268 3264 noctu

292 3309 325 3373 iu
334 3308 471 3394 lupanari
480 3308 676 3394 prestitisset,
688 3309 735 3395 (1)
749 3308 881 3388 tandem,
892 3309 978 3394 quasi
990 3308 1065 3375 haee
1076 3312 1193 3398 flagitia
1204 3335 1267 3377 non

293 3427 474 3504 sufficerent,
505 3427 542 3490 A.
561 3424 601 3488 U.
627 3428 690 3489 801
724 3425 764 3510 (p.
789 3425 861 3491 Chr.
885 3428 1267 3512 48),quum0mon1os

294 3541 412 3604 Ostiam
437 3543 516 3604 esset
538 3541 701 3624 profectus,
724 3540 759 3603 Ο.
783 3541 877 3605 Suro
900 3543 1014 3627 nupsit,
1036 3566 1133 3628 neque
1144 3543 1176 3608 id
1189 3545 1268 3610 elam

293 3655 375 3732 feeit,
410 3654 462 3718 sed
486 3653 783 3738 magnificentissime
815 3656 937 3740 nuptias
968 3659 1135 3722 exornavit.
1181 3660 1269 3725 Deli·

294 3768 470 3835 berautibus
502 3768 610 3832 deinde
634 3767 760 3843 libertis,
795 3768 869 3852 quid
898 3768 955 3833 sibi
987 3770 1157 3836 faciendum
1181 3779 1269 3853 esset,

294 3884 469 3948 metuebant
485 3883 566 3946 enim
584 3904 621 3946 ne
637 3882 752 3946 Simus
772 3904 871 3946 rerum
883 3887 1038 3968 poteretur
1049 3889 1080 3950 et
1092 3909 1146 3972 pro
1158 3887 1268 3953 Crau-

295 4018 354 4062 uro
376 4001 539 4085 imperator
560 3997 751 4074 salutaretur,
773 3997 907 4062 Pinnas
926 4002 957 4062 et
980 3999 1269 4066 OrrnrrsrusMus-

296 4133 440 4177 satanan
461 4112 600 4176 resistere
621 4111 847 4190 dubitaverunt,
870 4113 953 4178 solus
965 4119 1064 4180 autem
1078 4117 1269 4183 Nauclssus

297 4226 456 4290 eonsilium
487 4225 560 4290 iniit
591 4223 819 4289 Massanruan
847 4227 928 4312 apud
951 4227 1160 4314 imperatorem
1181 4255 1270 4298 aueu-

333 4487 375 4557 (1)
395 4488 446 4540 vid.
460 4487 489 4541 de
506 4504 532 4541 ea
544 4505 568 4541 re
585 4488 767 4539 Juvrsanssn.
786 4487 825 4546 Vl,
841 4502 877 4539 vs.
897 4487 947 4541 ¹15
963 4506 1015 4556 sqq.
