3200 5525
776 721 819 780 64

309 902 346 967 de
378 902 417 975 Q„
440 903 569 967 Onnrro
592 901 697 977 Ruso,
718 922 808 985 quem
835 898 1043 966 Pnnraosrns
1066 901 1196 966 eundem
1219 925 1286 969 esse

310 1019 386 1084 dicit
409 1041 445 1084 ao
463 1017 640 1103 scriptorem
661 1015 698 1080 de
710 1015 800 1080 rebus
811 1013 907 1102 gestis
926 1015 1285 1085 Anaximandrum.

308 1134 403 1197 Plane
431 1132 490 1196 alia
506 1152 608 1195 eorum
625 1135 671 1195 est
693 1130 784 1216 hujus
805 1151 909 1196 versus
927 1130 1148 1216 interpretatio,
1170 1132 1233 1215 qui,
1248 1135 1286 1197 111

309 1249 550 1325 Hrrnnrorrrns,
585 1247 692 1334 legunt
724 1248 778 1332 qai
804 1246 838 1310 in
858 1270 901 1311 vs.
927 1251 1004 1312 214.
1050 1245 1181 1310 Versum
1201 1246 1284 1311 enim

308 1365 353 1429 sio
377 1363 637 1449 interpretandum
668 1384 733 1426 esse
768 1366 902 1440 censent,
931 1362 1056 1425 Rununr
1084 1360 1285 1426 Orcunorrrrr

307 1479 444 1563 culpasse
456 1499 583 1560 eumque
594 1475 728 1553 barbare,
739 1475 944 1562 Allobrogico,
954 1476 1057 1561 potius
1068 1497 1159 1559 quam
1170 1475 1284 1541 Latine

306 1590 480 1675 loquentem
509 1590 630 1654 dixisse.
666 1590 718 1655 Sic
750 1590 917 1676 discipulos
940 1596 1062 1679 propter
1078 1591 1284 1678 arrogantiam

306 1727 375 1769 eum
401 1706 597 1770 contemsisse
617 1709 708 1789 atque
726 1704 795 1769 ideo
816 1705 962 1771 oeoidisse
991 1706 1186 1771 statuendum
1209 1706 1260 1771 sit.

354 1890 559 1999 Turononns
588 1956 605 1997 a
642 1933 750 1999 ceteris
782 1934 1000 2021 interpretibus
1023 1932 1136 2010 rhetor,
1158 1932 1196 1997 ab
1220 1955 1284 1997 uno

306 2051 507 2114 Aouarnrnr
539 2046 733 2112 citharoedus
770 2053 897 2112 vocatur
929 2049 978 2113 vel
1013 2047 1105 2113 etiam
1128 2046 1284 2113 cinaedus.

306 2163 355 2227 De
379 2184 439 2247 quo
463 2163 654 2228 Journaurs
674 2161 738 2225 Sat.
762 2160 839 2239 VH,
855 2184 899 2227 vs.
914 2165 979 2227 175
1004 2184 1074 2247 sqq:

431 2414 1026 2434 .....................
1047 2380 1108 2436 tem
1129 2379 1160 2435 ta

390 2477 601 2555 Chrysogonus
621 2476 726 2552 quanti
747 2474 852 2536 doeeat
872 2477 921 2536 vel
941 2477 1038 2537 Pollio
1059 2395 1163 2554 quaiirti

386 2582 533 2643 lautorum
553 2596 675 2658 pueros:
697 2583 790 2639 artem
813 2578 931 2640 scindes
951 2579 1111 2641 Theodori.

352 2781 452 2846 Miror
466 2780 562 2866 igitur
582 2779 634 2863 qui
658 2780 859 2844 Aonarnrnn
880 2780 962 2844 huno
987 2802 1107 2846 versum
1128 2780 1164 2845 de
1185 2779 1284 2847 eitha-

307 2896 398 2962 roedo
421 2895 655 2982 intelligendum
674 2894 812 2980 judicare
831 2895 976 2981 potuerit.
1021 2897 1164 2961 Seiadere
1182 2900 1284 2961 autem

307 3035 377 3077 oum
401 3010 614 3076 Hnrnnrorrro
638 3014 669 3074 et
693 3009 762 3073 aliis
785 3010 902 3095 accipio
910 3011 1116 3094 proscindere,
1139 3013 1286 3088 ἅονὶὦοτο,

306 3133 337 3192 11
370 3134 466 3192 artem
503 3126 649 3190 Theodori
679 3124 773 3188 fuisse
808 3125 995 3188 rhetoricam.
1042 3123 1201 3186 Sententia
1220 3130 1285 3190 est:

307 3265 401 3327 quum
425 3241 562 3306 videmus
587 3237 777 3305 citharoedos
796 3259 907 3322 magno
918 3236 1016 3321 pretio
1039 3256 1149 3320 pueros
1168 3234 1286 3318 dooere,

307 3355 442 3420 rhetores
462 3377 533 3420 vero
553 3376 645 3441 parva
664 3350 800 3415 mercede
821 3354 916 3412 artem
941 3370 1025 3411 suam
1045 3369 1192 3427 exercere,
1213 3349 1285 3416 rhe-

307 3473 435 3536 torioam
458 3494 527 3537 vere
548 3465 742 3534 deridendam
765 3486 830 3528 esse
849 3463 1031 3549 judicamus.
1077 3463 1284 3533 Turooouus

307 3588 361 3653 ille
378 3588 472 3653 fuisse
495 3586 617 3652 videtur
630 3581 835 3646 Turononns
851 3579 1054 3661 Ganrnnus,
1077 3581 1114 3646 de
1134 3604 1195 3667 quo
1206 3582 1284 3670 legi·

307 3725 376 3768 mus
395 3701 477 3789 apud
496 3701 630 3763 Sumam
651 3695 692 3758 in·
704 3715 793 3758 voce:
819 3708 988 3784 ιιθεόδορος
999 3709 1163 3784 Γαδαρεὺς,
1176 3730 1282 3780 eom.

309 3820 388 3893 aviis
409 3819 466 3875 ἀπὸ
489 3815 610 3880 δούλων,
630 3811 808 3876 διδάσκαλος
824 3809 945 3889 γεγονὼς
967 3811 1103 3888 Τιβερίου
1122 3817 1282 3889 Καίσαρος.

310 3925 392 3996 „inat
411 3915 443 3976 di
458 3916 610 3992 συνεκρίθη
631 3919 697 3993 περὶ
719 3919 897 3986 σοφιστικῆς
919 3914 1133 3993 ἀγωνισάμενος
1142 3922 1282 3992 floreius·

310 4026 420 4098 1,τιιιιοιὶ
442 4021 625 4098 Ἀντιπάτρῳ
645 4021 676 4078 ἐν
698 4019 772 4091 αὐτῇ
797 4018 906 4092 Ῥώμῃ.
926 4019 977 4076 ἐπὶ
1000 4019 1158 4096 Ἀδριανοῦ
1168 4025 1283 4078 Καίσα-

309 4159 376 4214 ῃρος
397 4138 415 4194 ὁ
435 4136 604 4202 videndam]
625 4135 783 4199 Ἀντώνιος
793 4135 984 4212 συγκλητικὸς
995 4130 1138 4213 ἑγὲτοτο.”
1161 4122 1282 4188 Deinde

308 4241 434 4304 Sarnus
450 4238 628 4302 Turononr
652 4258 742 4324 opera
764 4241 929 4314 enumerat,
952 4259 1015 4300 non
1045 4241 1147 4301 tamen
1165 4238 1282 4318 omnia3

309 4354 394 4420 addit
417 4353 498 4418 enim
523 4370 572 4422 nat
595 4363 677 4421 ἄλλα.
725 4348 846 4415 Horum
870 4373 965 4416 uuum
991 4356 1038 4416 est
1066 4370 1131 4442 περὶ
1162 4365 1283 4441 ῥήτορος

309 4483 462 4558 δυνάμεως,
484 4467 566 4553 quod
577 4490 653 4555 opus
672 4467 799 4532 fortasse
818 4465 1009 4533 Juvrnrnrs
1032 4469 1157 4551 spectat,
1179 4465 1231 4531 ubi
1247 4465 1282 4529 in
