3200 5525
764 750 830 813 loo

391 932 449 991 ilic
469 932 546 993 situs
567 934 614 990 est
635 928 740 1008 Rufus,
761 929 849 1008 pulso
868 930 919 1006 qui
940 927 1067 989 Vindice
1087 928 1238 1006 quondam

450 1034 606 1112 imperium
627 1032 761 1094 adseruit
781 1032 921 1111 nonsibi,
943 1031 996 1093 sed
1017 1033 1143 1111 patriae.

355 1266 499 1352 Ingratos
534 1284 605 1328 vero
630 1262 756 1328 heredes
778 1266 1008 1326 monumentum
1028 1261 1106 1325 illud
1127 1262 1289 1349 imperfec-

308 1387 375 1446 tum
398 1378 557 1462 reliquisse
577 1383 721 1443 memorat
741 1377 885 1441 Prunrus
900 1376 986 1441 Libr.
1003 1376 1060 1454 VI,
1072 1398 1117 1462 ep.
1129 1376 1173 1455 X,
1196 1383 1288 1463 atque

308 1497 353 1561 ita
372 1494 525 1578 queritur:
551 1492 661 1556 nSubit
695 1492 870 1578 indignatio
894 1512 964 1555 cum
992 1490 1195 1570 miseratione,
1217 1498 1307 1582 posti

310 1606 481 1673 edecimum
508 1604 616 1669 mortis
643 1626 757 1669 annum
781 1604 925 1689 reliquias
948 1604 1180 1691 neglectumque
1204 1606 1289 1670 ciue·

310 1744 393 1788 uteru
429 1720 494 1785 siue
528 1719 632 1796 titulo,
666 1720 731 1783 siue
755 1720 878 1785 nomine
899 1720 1009 1804 jacere,
1033 1719 1120 1802 eujus
1142 1720 1288 1783 memoria

309 1836 432 1902 sorbem
466 1840 615 1900 terrarum
642 1834 741 1922 gloria
776 1831 986 1921 pervagetur.”
1046 1834 1150 1905 Quum
1185 1841 1288 1900 antem

308 1953 401 2017 Ruso
413 1950 546 2036 quidam,
557 1948 674 2015 Purun
693 1949 820 2028 amicus,
830 1947 1018 2036 epitaphium
1030 1948 1109 2013 illud
1122 1949 1288 2015 Vesorum

307 2071 454 2150 tauquam
473 2085 618 2150 arrogans
641 2062 884 2150 reprehendisset
907 2061 1118 2146 laudassetque
1142 2064 1288 2129 Faener-

308 2201 392 2258 ndu,
425 2177 507 2264 quod
538 2177 663 2241 omnino
690 2183 922 2241 monumentum
950 2177 1008 2242 sibi
1044 2179 1110 2243 fieri
1132 2179 1288 2257 vetuisset,

308 2294 453 2359 Pururus
473 2291 622 2357 carissimi
646 2293 694 2355 sui
706 2292 819 2356 tutoris
831 2292 1036 2357 defensionem
1061 2294 1195 2380 suscepit
1206 2294 1288 2380 epis-

307 2411 381 2487 tola,
403 2432 479 2495 quae
503 2413 549 2473 est
569 2407 654 2472 Libr.
677 2408 728 2473 IX
751 2431 796 2495 ep.
829 2408 921 2473 XIX.
968 2408 1057 2472 Dicit
1080 2414 1181 2474 autem
1204 2432 1237 2474 se
1256 2414 1288 2474 et

308 2525 515 2592 Fuoumuun
536 2527 567 2588 et
591 2522 795 2588 Vusorruuu
819 2523 971 2603 dilexisse,
999 2523 1083 2588 hune
1107 2547 1177 2590 vero
1201 2547 1288 2611 mag·

308 2662 420 2727 nopere
455 2638 637 2703 admiratum
673 2660 748 2715 esse,
769 2638 814 2702 ita
834 2638 964 2703 addens:
989 2644 1045 2702 nut
1064 2662 1126 2703 uou
1149 2644 1287 2725 putarem

239 2804 270 2820 κ
309 2754 404 2820 neatis
427 2775 561 2839 uuquam
580 2775 667 2840 posse
691 2752 807 2816 laudari
833 2754 920 2838 cujus
939 2776 1023 2818 nunc
1044 2753 1119 2818 mihi
1132 2753 1288 2820 subeunda

308 2864 553 2933 udefensioest.”
600 2867 720 2932 Deinde
748 2867 844 2932 tradit
870 2868 1071 2933 Vuuurnruu
1096 2869 1227 2932 maxima
1253 2869 1287 2932 in

307 2983 438 3049 dicendo
471 2981 654 3048 verecundia
681 2981 774 3046 fuisse
806 3003 863 3046 nec
893 2983 1014 3069 saepius
1035 2983 1072 3046 de
1096 2984 1160 3046 suis
1182 2983 1286 3068 ipsum

307 3095 398 3163 rebus
417 3095 501 3180 loqui
522 3094 634 3173 solere;
658 3117 728 3158 nam
748 3095 841 3159 semel
853 3100 973 3159 tantum
996 3094 1289 3161 Ouruvrohistorieo

308 3211 440 3276 dicenti:
465 3211 554 3283 necis,
576 3208 736 3285 Vnucnrr,
773 3229 850 3290 quae
874 3206 1018 3272 historiae
1034 3208 1109 3272 fides
1125 3207 1289 3276 debeatur:

308 3323 456 3410 rsproiude
476 3321 502 3385 si
526 3320 600 3404 quid
623 3321 657 3383 in
681 3320 819 3384 historiis
839 3322 914 3386 meis
938 3322 1015 3409 legis
1039 3322 1128 3387 aliter
1153 3345 1189 3388 ac
1201 3325 1288 3404 velis,

308 3460 403 3526 irrogo
414 3438 582 3524 ignoscas?
603 3435 664 3499 tale
676 3457 855 3521 responsum
870 3458 939 3501 eum
953 3439 1129 3504 reddentem
1154 3463 1186 3505 se
1198 3442 1287 3507 audi·

306 3555 398 3620 visse:
423 3556 517 3616 ritune
539 3549 672 3638 ignoras,
695 3551 815 3628 Ortum,
837 3552 906 3618 ideo
919 3576 967 3619 me
981 3555 1089 3621 fecisse
1113 3557 1196 3642 quod
1218 3558 1288 3638 feci,

308 3673 364 3732 rut
383 3670 463 3732 esset
485 3665 614 3732 liberum
638 3665 724 3732 vobis
749 3668 881 3733 scribere
901 3691 978 3753 quae
998 3669 1140 3736 libuisset
1151 3670 1190 3736 ?”

354 3782 459 3847 Talem
483 3781 581 3870 igitur
603 3782 711 3860 virum,
734 3782 853 3866 qualem
879 3782 1082 3849 Vesoruruu
1098 3785 1192 3851 fuisse
1211 3809 1286 3875 cog·

307 3896 460 3973 novimus,
483 3894 521 3960 ab
544 3894 685 3960 omnibus
709 3895 885 3980 aequalibus
909 3896 948 3962 ob
972 3920 1020 3962 res
1043 3903 1145 3986 gestas
1164 3904 1195 3963 et
1207 3899 1286 3964 inte-

305 4012 448 4100 gritatem
468 4010 635 4089 laudatum,
659 4010 760 4074 esuis
784 4017 885 4077 autem
907 4012 947 4077 oh
970 4013 1064 4078 vitam
1089 4013 1243 4099 privatum
1255 4020 1286 4080 et

306 4150 424 4194 morum
455 4127 634 4192 facilitatem
666 4130 810 4206 amatum,
844 4127 867 4190 J
870 4147 1037 4193 uvruurrs
1080 4130 1201 4215 culpare
1233 4130 1285 4195 rix

309 4242 423 4330 potuit3
446 4263 503 4306 uec
525 4241 599 4306 fecit
621 4240 752 4326 quidem,
764 4263 833 4306 nam
846 4241 944 4308 obiter
959 4248 1088 4324 tanturn,
1099 4249 1134 4309 ut
1145 4245 1287 4322 vidimus,

308 4357 473 4423 Vruerrur
497 4375 607 4420 nomen
630 4358 822 4420 memoretur.
