3200 5525
782 736 825 797 83

313 936 438 981 sonran
455 915 522 979 Gar
542 914 690 1001 principia
710 916 870 1002 conjugem
893 914 1029 981 octavo'*
1077 918 1179 987 Quum
1192 917 1288 1005 igitur

312 1030 529 1094 Oonanrnnm
561 1050 692 1093 sororem
716 1029 867 1095 uterinam
890 1052 1014 1095 uxorem
1035 1031 1172 1096 duxisset
1194 1034 1289 1118 impe-

312 1147 395 1208 rator
431 1144 617 1221 Carneum,
646 1165 709 1206 non
741 1143 852 1207 mirum
886 1149 934 1208 est
965 1144 1037 1208 hnic
1056 1144 1232 1231 imperatori
1254 1134 1294 1209 in'

313 1257 452 1321 consiliis
482 1278 552 1319 eum
575 1256 717 1321 adfuisse.
763 1258 912 1345 Legimus
935 1258 1016 1323 enim
1040 1259 1121 1345 apud
1145 1259 1286 1325 Dronnrt

311 1373 463 1437 Oassrun
486 1373 570 1437 Libr.
593 1373 681 1450 LIX,
704 1396 772 1459 pag.
798 1378 864 1438 651
889 1374 926 1451 B,
939 1374 1191 1440 Cn.·Don1r1on
1203 1376 1290 1440 Con·

312 1508 481 1564 nortonnn,
503 1487 702 1551 (lantoniae
727 1510 822 1572 quum
841 1510 936 1555 novae
956 1492 1102 1575 pecuniae
1121 1492 1289 1556 exactionis

310 1608 417 1667 auctor
433 1600 549 1679 fuisset,
573 1602 728 1667 consulem
751 1626 818 1668 ease
839 1604 961 1669 factum.
998 1606 1158 1671 Oonauuo
1177 1611 1289 1685 autem,

306 1719 368 1802 jam
402 1716 545 1780 Ttannto
580 1716 748 1802 imperante
780 1722 909 1795 senator,
945 1720 993 1803 (1)
1030 1724 1154 1805 propter
1176 1720 1289 1785 malum

311 1830 427 1900 viarum
463 1834 575 1893 statum
602 1808 794 1895 curatoribus
825 1831 942 1895 viarum
966 1833 1089 1917 negotia
1112 1832 1290 1917 praebuerat

309 1952 395 2011 tanta
410 1946 607 2023 vehementia,
629 1952 666 2010 ut
686 1946 733 2012 vel
757 1946 877 2009 senatui
901 1946 1046 2011 molestus
1068 1952 1155 2011 esaet.
1203 1941 1289 2011 Cato

311 2062 420 2126 deinde
436 2060 609 2147 imperatori
631 2060 793 2125 consilinm
811 2060 905 2139 dedit,
928 2065 963 2124 ut
987 2065 1143 2125 curatores
1162 2060 1291 2140 marum,

310 2199 373 2241 non
398 2179 482 2242 vivos
498 2181 619 2241 tantum
641 2176 804 2240 sedetiam
829 2180 976 2253 mortuos,
999 2176 1142 2241 multaret
1161 2176 1201 2241 ob
1212 2176 1291 2242 male

309 2292 551 2357 administratam
575 2292 742 2377 pecuniam,
765 2314 855 2375 qnam
879 2291 917 2355 ad
941 2292 1006 2357 rias
1038 2292 1216 2357 reficiendas
1238 2314 1290 2357 ac-

309 2407 468 2491 cepissent.
515 2406 575 2470 Cui
603 2406 732 2470 oonsilio
752 2405 914 2470 obsecutus
938 2406 1117 2470 carnotina
1141 2407 1290 2471 aerarium

310 2521 437 2607 pecunia
461 2521 555 2598 auxit,
578 2525 608 2585 et
628 2520 865 2585 Ooaaunonnn
886 2519 1041 2583 consulem
1060 2520 1222 2584 creandum
1235 2541 1291 2584 cn·

309 2636 398 2703 ravit.
424 2635 510 2706 Quae
530 2656 580 2698 res
602 2638 703 2698 tamen
727 2638 841 2719 postea,
864 2634 1032 2720 imperante
1052 2633 1290 2714 (intremueri-

308 2750 384 2814 mini
398 2749 468 2812 data
492 2752 540 2812 est
568 2747 841 2825 Gonaunon1,ita
864 2753 900 2812 ut
924 2748 1102 2815 Garumna
1122 2750 1290 2836 pecuniam,

308 2863 362 2927 illo
383 2862 506 2925 nomine
527 2860 665 2938 solutam,
687 2861 825 2926 multatis
848 2863 997 2941 redderet,
1019 2885 1108 2947 qnam
1120 2863 1231 2950 partim
1251 2886 1290 2928 ex

308 2976 422 3042 aerario
448 2975 622 3062 depromsit,
645 2975 755 3060 partim
776 2976 815 3040 ab
836 2976 904 3062 ipso
921 2977 1129 3042 Oonaunona
1153 2978 1264 3066 exegit

354 3090 440 3155 Idem
461 3093 562 3154 tamen
585 3089 749 3176 imperator
772 3093 810 3155 A.
830 3089 861 3154 U
884 3094 949 3155 800
976 3093 1017 3179 (p.
1030 3091 1102 3156 Chr.
1119 3094 1176 3177 at)
1201 3093 1288 3158 Con·

310 3226 471 3270 auronnn
492 3205 598 3269 ducem
615 3204 701 3269 misit
725 3206 758 3270 in
782 3205 987 3284 Germaniam,
998 3213 1033 3270 ut
1046 3207 1158 3271 bellum
1169 3214 1289 3295 gereret

309 3320 454 3387 adversus
486 3319 634 3400 Chaucos,
658 3323 710 3405 qui
734 3321 813 3386 duce
836 3320 1021 3386 Gannasco
1041 3321 1220 3386 Ganinefate
1238 3322 1288 3386 in·

310 3435 464 3500 cursiones
483 3435 618 3500 fecerant
637 3435 670 3499 in
689 3435 879 3521 provinciam
903 3435 1081 3500 Romanam.
1105 3436 1203 3522 Cujus
1216 3435 1289 3502 belli

308 3549 371 3614 fata
407 3553 528 3614 enarrat
560 3550 708 3612 Tacmna
740 3551 854 3613 Λακαί.
889 3549 974 3613 Libr.
995 3549 1055 3627 XI,
1078 3572 1141 3634 cap.
1161 3549 1289 3629 XVIII,

308 3663 543 3728 Couaunonnrr
567 3661 696 3726 feliciter
709 3661 852 3726 adversus
864 3661 1079 3726 Gannascum
1090 3662 1202 3727 bellum
1218 3686 1288 3749 gea-

311 3778 385 3841 siase
416 3782 447 3841 ot
479 3777 608 3840 maxima
633 3799 702 3841 oum
727 3777 887 3842 severitate
912 3775 1104 3861 disciplinam
1124 3775 1287 3841 militarem

343 3950 385 4018 (1)
405 3951 556 4001 Coraoronan
573 3959 702 4002 senatorem
719 3951 791 4000 inisse
809 3949 893 3999 confici
909 3950 980 3998 etiam
991 3955 1065 4012 potest
1074 3962 1103 3998 ax
1113 3947 1163 3998 loco
1172 3947 1287 4006 Sanacrr,

308 4043 332 4090 in
350 4041 446 4091 librode
465 4042 597 4091 Constantio
608 4041 719 4102 rapientia
735 4056 787 4103 pag.
808 4037 892 4089 iata
913 4037 1026 4088 dicentia:
1043 4039 1078 4087 »ln
1097 4035 1287 4088 concludentem

308 4129 421 4179 »vidimus
447 4129 519 4179 Fruar
536 4129 677 4185 Cannarum,
693 4127 793 4177 Nisonrs
809 4141 929 4189 generum.
946 4140 1001 4176 cum
1019 4125 1083 4176 illum
1102 4126 1206 4178 Coranao
1222 4132 1287 4176 atra·

308 4219 477 4270 »thamnatam
502 4216 626 4278 miletum
648 4217 768 4267 dixisset·
802 4217 877 4265 Gener
905 4215 942 4264 ille
967 4215 1077 4273 Nasonis,
1103 4223 1130 4265 ut
1147 4215 1246 4279 legimus
1263 4217 1287 4266 in

308 4309 383 4358 Orrnn
406 4308 513 4357 Triclinia
530 4307 611 4355 titul
628 4307 651 4355 in
663 4307 754 4370 libycis
772 4307 818 4355 oria
832 4306 915 4363 luerat,
934 4305 971 4354 nbi
989 4305 1173 4357 struthiocameli
1195 4307 1287 4356 inreri-

310 4405 388 4450 untnr.
422 4399 516 4461 Propter
541 4395 646 4459 corporis
664 4404 742 4446 antem
761 4396 867 4446 habitum
887 4396 931 4445 hoe
952 4410 1035 4446 nomeu
1052 4396 1074 4445 ei
1090 4395 1182 4445 dedisse
1198 4397 1287 4444 Corru-

309 4501 383 4536 mnrn
402 4488 466 4537 facilc
484 4484 628 4548 intelligitur.

1105 4579 1150 4636 64}
