3200 5525
799 731 840 791 lo

331 906 534 995 Sequentibus
557 909 693 975 versibus
717 915 806 997 poeta
824 911 1014 999 indignatur,
1034 911 1115 996 quod
1138 909 1306 976 histriones

330 1028 487 1110 poetarum
509 1026 631 1111 patroni
654 1030 686 1091 et
704 1026 838 1091 fautores
861 1027 934 1105 sint,
956 1030 1108 1113 acpoetas
1119 1025 1203 1112 ipsos
1214 1024 1305 1089 mise-

329 1143 414 1204 ratur
437 1139 551 1205 addens
574 1163 617 1207 vs.
642 1144 701 1206 93:

412 1321 502 1382 Haud
518 1328 618 1384 tamen
636 1324 772 1385 invideas
792 1324 865 1401 vati,
886 1340 974 1399 quem
991 1322 1108 1401 pulpita
1127 1325 1263 1399 pascunt

329 1491 380 1555 Ad
403 1514 446 1555 vs.
472 1495 515 1554 82
536 1490 662 1556 adnotat
682 1492 854 1557 Donrnrus
870 1492 1100 1567 Censuimus,
1111 1489 1302 1555 Juvrsnnrs

328 1604 487 1689 interpres,
509 1605 671 1683 Summum,
694 1606 858 1670 certamine
880 1609 1075 1691 poetaruma
1103 1603 1302 1667 Dorsmrnno

328 1717 473 1783 instituto
509 1721 575 1806 (1),
609 1724 786 1784 coronatum
803 1742 876 1786 esse.
922 1718 1022 1790 Quem
1044 1716 1190 1782 honorem
1209 1739 1302 1801 quum

328 1830 495 1898 insolenter
517 1834 657 1919 jactaret,
685 1834 754 1899 aliis
785 1834 884 1921 poetis
914 1833 1049 1899 invisum
1072 1855 1137 1898 esse
1161 1832 1304 1919 coepisse,

328 1969 418 2032 quam
438 1949 557 2015 obrem
579 1950 772 2017 Juvnnnnrs
795 1952 824 2015 ei
843 1949 1005 2036 objecerit,
1026 1948 1171 2014 Pnnrnrs
1195 1946 1305 2033 gratia,

328 2084 391 2127 non
411 2063 451 2128 ob
474 2064 618 2129 carminis
637 2065 819 2151 elegantiam
840 2087 908 2129 eum
927 2086 993 2129 esse
1015 2066 1203 2128 coronatum.
1226 2060 1303 2146 Opi-

329 2176 452 2241 nionem
471 2182 572 2245 autem
588 2200 673 2243 suam
701 2179 829 2265 probare
857 2178 960 2243 studet
995 2178 1217 2242 cinnameus
1236 2196 1304 2239 ver-

329 2292 413 2357 sibus
429 2292 527 2379 ipsius
546 2294 672 2372 Sanun,
693 2294 746 2360 ubi
760 2294 891 2383 legimus
913 2294 1037 2379 quidem
1056 2315 1125 2358 enm
1148 2292 1187 2357 ab
1208 2292 1303 2378 impe-

326 2410 427 2472 ratore
450 2430 523 2472 auro
542 2408 635 2474 fauisse
652 2409 807 2488 donatum,
829 2409 883 2495 qui
901 2414 1004 2475 tamen
1023 2430 1128 2473 versus
1146 2430 1210 2472 non
1221 2407 1304 2471 indi·

329 2526 400 2585 cant
423 2544 491 2586 eum
510 2525 545 2587 in
560 2521 619 2587 hoo
643 2524 807 2589 certamine
832 2527 1008 2588 coronatum
1028 2522 1130 2587 fuisse.
1175 2520 1304 2586 Rectius

328 2656 392 2700 rem
411 2638 585 2723 exposuisse
603 2639 710 2724 judico
743 2640 1021 2706 Oununnonmuu
1044 2638 1084 2703 ad
1102 2638 1303 2703 Suanorum

328 2748 523 2816 adnotantem
541 2775 730 2840 nequaquam
753 2755 906 2821 Srrmuu
925 2755 960 2820 in
971 2752 1030 2819 hoc
1042 2750 1206 2819 certamine
1217 2772 1304 2816 coro·

328 2873 520 2948 natumessc‚
539 2872 720 2957 verumejus
744 2893 865 2938 carmen
890 2872 1052 2950 cecidisse3
1076 2871 1163 2956 cujus
1175 2868 1220 2934 rei
1231 2889 1302 2932 cau·

329 3005 393 3048 sam
417 2984 512 3064 addit,
542 2985 624 3070 quod
651 2992 740 3073 poeta
764 2992 850 3052 totus
873 2991 952 3052 esset
975 2985 1009 3049 in
1024 2982 1206 3048 elaboranda
1228 2961 1304 3046 rtess

329 3099 426 3176 haido,
449 3121 505 3164 neo
529 3100 603 3165 satis
627 3123 734 3186 operae
752 3100 951 3185 impendisset
970 3096 1097 3160 carmini
1116 3097 1152 3158 iu
1166 3097 1304 3158 honorem

328 3213 426 3290 Jooie,
459 3215 541 3296 quod
574 3214 608 3277 in
636 3213 694 3276 hoc
726 3212 890 3276 certamine
921 3210 960 3274 ab
991 3232 1026 3273 eo
1062 3209 1102 3270 sit
1132 3207 1301 3270 recitatum.
1403 3206 1406 3213 “

329 3324 429 3396 Quam
461 3326 634 3411 opinionem
668 3325 776 3411 probat
799 3324 868 3389 loco
899 3347 916 3388 e
943 3324 1059 3387 Snnnrr
1086 3323 1191 3392 Silvis,
1213 3341 1303 3404 quem

329 3439 469 3504 emendat
507 3443 537 3503 et
560 3439 786 3526 interpretatur.
835 3438 939 3511 Quum
959 3459 1030 3503 vero
1056 3436 1185 3501 Thebais
1202 3433 1241 3499 ad
1264 3433 1301 3498 fi-

330 3575 400 3619 nem
428 3554 574 3640 perducta
609 3559 704 3633 esset,
726 3559 844 3620 tantam
867 3553 927 3620 hoo
947 3553 1079 3619 carmine
1098 3552 1227 3642 gloriam
1244 3550 1303 3618 sibi

330 3676 512 3737 consecutus
536 3676 590 3750 est,
615 3677 651 3736 ut
681 3672 771 3737 facile
793 3672 849 3737 illu
872 3670 1028 3736 calamitas
1052 3671 1304 3755 compensaretur.

329 3783 380 3850 Ex
406 3786 540 3872 ejusdem
564 3787 728 3852 Sunronn
751 3785 839 3851 libris
867 3784 1080 3872 cognoscimus
1107 3805 1177 3848 eum
1199 3786 1248 3848 ter
1269 3781 1303 3847 in

330 3898 575 3986 Quinquatribus
609 3901 767 3969 Minervae
801 3902 848 3988 (2)
873 3901 938 3967 sive
960 3899 1081 3966 Albano
1100 3918 1197 3987 agone
1216 3920 1303 3963 eoro-

329 4061 491 4076 ——u-——u-ue

367 4136 409 4203 (1)
428 4135 480 4187 Vid.
497 4137 568 4188 Surr.
585 4138 611 4186 ic
627 4137 675 4186 or'to
690 4135 754 4186 Dum.
771 4150 823 4200 cap.
838 4135 879 4184 lv:
895 4133 1009 4183 »lnsriruit
1024 4142 1048 4182 et
1065 4131 1236 4198 quinquennale
1251 4145 1305 4182 cer·

332 4233 427 4284 tumen,
443 4227 572 4290 Capitolino
589 4226 640 4275 lovi
657 4225 758 4289 triplex,
774 4226 900 4280 musicum.
925 4230 1045 4288 equestre,
1060 4224 1204 4287 gymnicum,
1220 4228 1244 4272 et
1255 4221 1303 4270 ali-

330 4322 427 4382 »quanto
441 4317 543 4381 plurium
559 4330 630 4381 quam
656 4329 717 4364 nunc
734 4322 770 4364 est
786 4319 949 4364 coronarum.”

369 4407 409 4476 (2)
429 4407 458 4458 cl.
476 4405 772 4456 llorrrrrosCrconarrusad
790 4406 841 4455 Sat.
859 4405 898 4455 vlt
914 4420 950 4454 rs.
966 4401 1048 4468 arqui
1065 4398 1303 4453 tamenalloruitiano

334 4499 468 4550 institutum
485 4505 612 4552 certamen,
628 4495 657 4547 de
676 4510 722 4561 quo
740 4495 792 4546 vide
809 4510 887 4560 supra,
911 4493 1052 4545 contundere
1068 4491 1126 4542 mihi
1142 4489 1235 4540 videtur
1249 4502 1304 4538 cum
1412 4534 1418 4548 Χ
