3200 5525
778 684 822 743 56

363 865 412 929 De
446 862 621 929 conditione
650 866 750 928 autem
784 864 1050 950 grammatieoruur
1086 864 1132 931 sio
1154 866 1298 953 loquitur

317 978 381 1043 sat.
404 978 482 1057 VII,
505 980 626 1043 vs.215
652 999 733 1062 sqq.:

395 1158 472 1236 Quis
492 1158 604 1235 gremio
624 1158 729 1220 Celadi
749 1158 887 1235 doctique
907 1157 1098 1221 Palaemonis
1114 1162 1209 1242 affert,

394 1269 538 1342 quantum
548 1265 757 1341 grammaticus
769 1264 876 1323 meruit
886 1262 994 1324 labor?
1014 1272 1044 1326 et
1055 1272 1154 1327 tamen
1165 1286 1203 1328 ex
1214 1267 1272 1331 boo

394 1367 599 1445 quodcumque
616 1371 662 1426 est
680 1365 791 1445 (minus
802 1370 849 1427 est
859 1369 958 1426 autem
969 1384 1058 1443 quam
1068 1369 1195 1431 rhetoris
1205 1371 1293 1450 aera)

394 1470 532 1549 discipuli
553 1475 652 1532 eustos
672 1469 860 1549 praemordet
880 1474 1115 1551 acoenonoetus,

395 1574 496 1650 etqui
517 1572 680 1652 dispensat,
700 1571 812 1649 trangit
829 1573 896 1633 sibi.

358 1775 558 1841 Grammatioi
581 1774 688 1861 igitur,
709 1796 786 1860 quos
809 1796 892 1839 nuno
906 1775 1069 1860 magistros
1081 1776 1191 1841 artium
1212 1776 1290 1843 libe-

311 1890 421 1955 ralinm
436 1914 588 1970 vocamus,
609 1913 665 1977 pro
688 1912 798 1977 magno
811 1912 867 1953 suo
886 1889 1073 1974 molestoque
1092 1890 1194 1955 labore
1217 1913 1289 1978 par-

309 2030 379 2075 vam
399 2008 580 2086 mercedem,
590 2006 737 2070 minorem
761 2006 853 2070 etiam
876 2027 966 2089 qnam
990 2003 1135 2084 rhetores,
1157 2006 1289 2093 aecipie-

310 2123 493 2209 bant,enjus
509 2127 662 2210 praeterea
685 2142 755 2206 pars
779 2144 796 2184 a
820 2119 1038 2206 discipulorum
1056 2144 1179 2186 suorum
1191 2123 1290 2187 servis

310 2236 487 2323 rapacibus,
520 2234 696 2321 paedagogo
729 2237 774 2297 et'
793 2233 1016 2319 dispensatore,
1047 2234 1289 2301 subtrahebatur.

309 2349 425 2415 Misera
460 2350 596 2437 profecto
624 2368 727 2411 eorum
759 2347 896 2411 conditio
928 2354 1001 2426 erat,
1024 2351 1162 2433 quamvis
1185 2356 1288 2415 essent

310 2464 395 2530 dooti
417 2468 453 2529 ut
476 2463 634 2530 Curianus
658 2467 689 2526 et
708 2461 905 2526 Parmrrrorr.

357 2578 406 2643 De
437 2578 609 2643 rhetoribus
646 2581 746 2640 autem
770 2580 859 2662 poeta
882 2576 947 2663 agit
969 2576 1032 2640 Sat.
1056 2576 1133 2657 VII,
1149 2600 1193 2643 vs.
1217 2580 1285 2642 150

309 2713 406 2777 nsque
434 2691 472 2756 ad
509 2713 552 2755 vs.
589 2693 665 2767 214,
688 2711 818 2773 quorum
838 2688 973 2753 miserias
998 2689 1109 2755 vividis
1133 2689 1286 2756 coloribus

310 2805 458 2891 depingit.
481 2805 560 2880 Oum
584 2803 716 2891 eleganti
735 2805 836 2868 ironia
855 2804 1051 2883 demonstrat,
1073 2805 1196 2890 quantis
1219 2827 1286 2869 mo·

310 2918 409 2984 lestiis
428 2940 532 2983 eorum
551 2941 663 2984 munus
689 2918 854 2984 obnoxium
877 2918 928 2996 sit,
949 2939 1043 3002 quum
1066 2919 1285 3004 discipulorum

309 3033 493 3122 ignorantia,
516 3035 707 3122 stupidorum
733 3032 872 3118 quamvis
906 3036 937 3096 et
960 3031 1150 3109 stolidorum,
1171 3033 1285 3117 magis·

309 3147 367 3212 tris
394 3154 496 3213 tamen
520 3149 641 3213 urimini
666 3149 763 3212 detur.
810 3145 983 3210 Mercedem
1005 3147 1106 3208 autem
1126 3145 1179 3208 vix
1197 3166 1285 3208 anee-

307 3259 389 3346 pisse
407 3261 537 3347 legimus
559 3283 603 3327 vs.
628 3263 692 3324 157
718 3281 778 3343 sq.:

391 3444 489 3505 Nosse
508 3442 603 3503 velint
623 3457 734 3519 omnes,
754 3437 919 3500 mercedem
940 3439 1054 3501 solvere
1070 3458 1166 3502 nemo

388 3545 555 3608 Mercedem
575 3542 735 3624 appellas?
757 3541 830 3620 qnid
850 3541 929 3604 euim
948 3542 1036 3604 seio?

307 3728 341 3792 et
362 3747 409 3793 vs.
434 3725 502 3789 1⁷4
526 3741 582 3806 sq.:

388 3901 542 3965 Summula
561 3917 600 3961 ne
619 3903 731 3978 pereat,
751 3915 811 3976 qua
831 3899 900 3959 vilis
920 3904 1035 3961 tessera
1054 3903 1138 3964 venit

388 4005 543 4085 frumenti3
564 4003 675 4082 quippe
695 4001 769 4064 haee
789 4020 903 4064 meroes
922 4004 1099 4067 lautissima.

262 4175 272 4192 ⁶
352 4178 443 4245 Licet
466 4181 554 4266 poeta
575 4175 625 4242 his
647 4176 784 4244 versibus
794 4199 858 4244 rem
869 4181 1104 4268 exaggeraverit,
1124 4179 1203 4245 illud
1222 4181 1282 4246 sal-

306 4300 369 4360 tem
392 4293 465 4358 inde
492 4292 654 4358 conficitur
685 4292 840 4359 rhetorum
859 4296 1027 4362 mercedem
1048 4296 1162 4381 (minus
1181 4297 1282 4375 etiam,

306 4415 343 4475 nt
365 4408 506 4485 vidimus,
528 4407 717 4494 grammatici
738 4409 940 4496 aooipiebant)
965 4409 1157 4498 perexiguam
1176 4412 1282 4490 fuisse,
