3200 5525
798 733 840 791 98

328 931 395 975 rum
428 911 490 975 dux
526 910 598 974 olim
635 911 751 974 fuisset.
798 912 925 975 Infenso
945 912 1026 976 enim
1054 913 1087 976 in
1111 936 1180 978 eum
1204 918 1307 983 animo

326 1027 420 1090 fuisse
444 1024 558 1089 milites
582 1024 621 1089 ob
645 1023 691 1089 bis
716 1029 851 1111 spretum
875 1025 1035 1111 imperium
1061 1050 1098 1090 ex
1121 1028 1161 1093 iis
1173 1037 1307 1115 apparet,

327 1163 402 1225 quae
435 1140 521 1205 addit
553 1138 717 1203 Tacrrus:
755 1139 845 1203 nNec
867 1162 1047 1225 quemquam
1072 1143 1191 1229 saepius
1214 1168 1305 1229 quam

326 1254 547 1319 everelmum
572 1252 671 1316 omnis
695 1253 806 1318 seditio
829 1253 995 1318 infestavit.
1028 1248 1188 1322 'Manebat
1208 1259 1305 1324 admi·

325 1370 423 1433 aratio
447 1368 505 1434 viri
525 1371 557 1430 et
576 1366 672 1444 fama,
696 1367 747 1431 sed
772 1368 900 1431 oderant
922 1373 958 1432 ut
982 1369 1144 1435 fastiditi.'‘

369 1484 444 1548 Post
467 1483 522 1547 illa
557 1481 660 1546 civilia
690 1481 770 1545 bella
793 1482 879 1545 nulla
900 1483 980 1568 apud
1003 1483 1167 1549 historicos
1187 1488 1303 1553 mentio

322 1600 357 1663 fit
377 1597 551 1673 Venarum,
575 1596 626 1660 sed
647 1592 798 1681 permulta
820 1597 857 1661 de
881 1619 916 1660 eo
937 1597 1066 1684 legimus
1090 1599 1122 1664 in
1146 1602 1304 1685 Epistolia

320 1712 446 1791 Pnrnrr,
470 1712 556 1797 eujus
580 1714 665 1775 tutor
689 1710 883 1775 Venorurus
910 1712 978 1789 ruit,
1001 1713 1112 1797 quique
1133 1735 1200 1778 eum
1214 1716 1302 1781 valde

321 1826 429 1892 dilexit
452 1831 483 1891 et
507 1824 673 1889 admiratus
693 1828 749 1891 est.
775 1824 922 1910 Inprimis
938 1824 1022 1889 Libr.
1047 1827 1093 1903 Π,
1115 1828 1302 1912 ep.Imulta

319 1946 488 2009 memoratu
508 1939 686 2028 dignissima
711 1939 748 2004 de
765 1939 938 2003 Venarum
970 1940 1130 2003 memoriae
1153 1942 1300 2026 prodidit.

318 2057 357 2123 Ei
385 2062 484 2122 autem
521 2078 569 2119 res
597 2053 734 2139 publicas
771 2075 887 2138 semper
913 2053 997 2117 cordi
1021 2054 1114 2118 fuisse
1137 2055 1202 2139 jorn
1226 2056 1299 2122 inde

317 2176 449 2258 apparet,
472 2168 553 2253 quod
573 2167 703 2253 legimus
725 2187 794 2230 eum
814 2166 907 2230 tertio
920 2168 1082 2232 consulatu
1102 2169 1297 2255 perfunctum

317 2307 391 2364 esse,
415 2289 470 2350 aut
498 2303 647 2346 summum
677 2280 836 2366 fastigium
855 2280 967 2365 privati
992 2281 1125 2346 hominis
1149 2283 1299 2369 impleret,

317 2420 408 2465 rcum
435 2396 581 2486 principis
613 2392 792 2461 noluisset.”
842 2395 984 2460 Tutelam
1011 2419 1083 2461 vero
1114 2397 1229 2462 Pnrurr
1252 2399 1297 2463 ita

315 2514 420 2603 gessit,
442 2517 478 2577 ut
501 2512 535 2577 iu
559 2510 699 2576 omnibus
713 2510 804 2575 rebus
824 2510 1015 2596 gravioribus
1039 2513 1067 2575 ei
1079 2512 1198 2576 adesset
1215 2513 1296 2598 ejus-

315 2651 375 2714 que
395 2627 551 2693 oommoda
566 2627 696 2711 juvaret,
719 2624 800 2709 quod
832 2625 866 2688 in
886 2626 1015 2711 epistola
1038 2626 1160 2691 laudata
1183 2627 1296 2694 abillo

315 2740 364 2808 his
396 2741 495 2808 verbis
530 2742 727 2805 memoretur:
762 2738 834 2802 uSio
863 2738 1058 2804 candidatum
1079 2761 1126 2806 me
1150 2742 1294 2828 suffragio

314 2859 464 2934 tornavit,
488 2857 532 2920 sic
551 2855 589 2919 ad
602 2876 705 2917 omnes
726 2852 855 2917 honores
875 2877 958 2918 meos
970 2877 1007 2918 ex
1020 2856 1186 2920 secessibus
1200 2879 1293 2922 accu-

314 2972 439 3049 ncurrit,
463 2992 532 3034 cum
549 2969 612 3054 jam
634 2967 751 3054 pridem
776 2968 924 3053 ejusmodi
945 2970 1055 3032 officiis
1077 2971 1293 3050 renuntiasset,

315 3087 381 3152 usic
392 3085 447 3150 illo
472 3083 530 3162 die,
549 3104 609 3168 quo
634 3081 804 3146 sacerdotes
833 3083 932 3146 solent
951 3083 1107 3146 nominare
1126 3105 1202 3167 quos
1222 3086 1292 3172 dig·

314 3201 476 3266 nnissimos
509 3195 678 3262 sacerdotio
698 3196 848 3280 judicant,
876 3218 924 3259 me
956 3217 1072 3280 semper
1105 3196 1291 3265 nominabat.

314 3314 419 3387 nQuin
451 3311 541 3376 etiam
566 3311 599 3374 in
631 3308 689 3372 hac
723 3307 889 3372 novissima
920 3309 1089 3373 valitudine
1110 3311 1225 3376 veritus
1249 3336 1290 3380 ne

313 3429 411 3494 afforte
430 3425 511 3489 inter
527 3422 743 3509 quinqueviros
768 3428 928 3502 crearetur,
940 3424 992 3508 qui
1004 3423 1178 3490 minuendis
1186 3428 1289 3513 publi·

312 3541 377 3607 acis
400 3539 570 3624 sumptibus
585 3535 704 3623 judicio
724 3541 847 3601 senatus
864 3539 1136 3619 constituebantur,
1159 3564 1228 3607 cum
1240 3543 1288 3608 illi

310 3661 379 3722 ntot
402 3654 490 3718 amici
527 3676 612 3720 senes
641 3650 873 3738 consularesque
902 3661 1101 3742 superessent,
1124 3679 1172 3721 me
1195 3655 1287 3742 hujus

311 3769 439 3836 uastatis
458 3791 512 3855 per
531 3791 621 3855 quem
640 3770 835 3832 excusaretur
859 3769 960 3856 elegit,
983 3770 1031 3833 his
1043 3770 1164 3855 quidem
1178 3770 1287 3847 verbis,

309 3887 421 3950 uetiam
445 3884 474 3947 ei
492 3885 599 3969 sitium
619 3885 764 3959 haberem,
788 3883 846 3944 tibi
869 3884 1076 3950 mondureffl.
1100 3885 1163 3950 Ubi
1183 3889 1285 3950 autem

307 4000 340 4064 in
365 4021 482 4062 secessu
497 3998 606 4062 vixerit
626 3997 829 4073 Venorurusr,
852 3996 933 4062 idem
949 4021 1006 4062 nos
1028 3999 1117 4064 docet
1132 3999 1285 4078 Librlll,

307 4138 352 4200 ep.
376 4114 417 4190 X,
441 4115 458 4197 d
482 4118 499 4176 l
525 4111 573 4176 his
589 4111 704 4178 verbis:
731 4111 831 4174 nCum
851 4115 1001 4177 venissem
1021 4114 1055 4178 in
1080 4136 1184 4178 socrus
1201 4137 1283 4180 meae

308 4229 432 4296 ovillam
455 4228 635 4306 Alsiensem,
658 4251 733 4312 quae
753 4226 917 4308 aliquando
941 4228 1029 4291 Rurr
1052 4228 1203 4293 Venerin
1214 4229 1284 4307 fuit,

307 4351 390 4435 ripae
421 4344 495 4409 mihi
521 4344 607 4409 locus
639 4343 746 4429 optimi
777 4341 864 4405 illius
888 4348 919 4406 et
943 4344 1066 4408 maximi
1087 4345 1144 4408 viri
1165 4345 1283 4410 deside-

299 4461 407 4528 ·nrimn
426 4481 488 4524 non
513 4459 577 4522 sine
606 4458 709 4522 dolore
746 4456 912 4520 renovavit.
959 4438 1054 4523 Hune
1079 4460 1159 4524 enim
1183 4460 1281 4526 colere
