3200 5525
816 731 881 794 158

358 912 555 982 obbertorum
578 914 611 977 in
636 912 749 976 honore
774 917 804 976 et
824 934 883 977 usu
907 911 1039 976 maximo
1056 910 1219 990 habuit‚ut
1239 911 1333 979 chr·

356 1034 504 1118 nn(1)uu,
526 1030 666 1129 EUNUM,
690 1029 880 1106 OnnADUM,
904 1026 1067 1113 aliosque.’'
1091 1028 1198 1115 Pergit
1222 1030 1332 1096 deinde

354 1146 500 1232 exemplis
536 1144 772 1209 demonstrando
796 1167 865 1208 cum
888 1144 984 1207 malos
1004 1142 1127 1228 quidem
1151 1148 1183 1208 et
1197 1145 1333 1231 flagitio·

353 1284 402 1326 sos
438 1283 539 1325 servos
570 1259 733 1346 punivisse,
756 1281 813 1323 nec
836 1263 938 1323 tamen
964 1258 1083 1344 saepius
1107 1280 1175 1323 eum
1200 1262 1331 1325 maxima

352 1376 512 1441 severitate
532 1397 620 1439 usum
644 1397 708 1439 osse
734 1374 792 1461 (1).
815 1375 889 1438 Non
913 1374 974 1438 nisi
999 1395 1066 1438 raro
1087 1374 1238 1439 libertinis
1262 1398 1331 1461 per·

353 1490 480 1567 misisse,
503 1493 537 1552 ut
561 1486 668 1552 mihtis
689 1488 788 1551 officio
800 1489 1008 1574 fungerentur,
1020 1488 1115 1553 tradit
1127 1489 1330 1557 sannorum

354 1627 419 1690 cap.
440 1604 553 1669 XXV:
579 1602 759 1668 aLibertino
783 1602 891 1681 milite,
914 1608 1122 1689 praeterquam
1142 1603 1258 1668 Romae
1281 1604 1330 1668 in·

357 1719 554 1784 ucendiorum
591 1740 689 1795 causa,
724 1722 754 1781 et
775 1717 801 1782 si
821 1716 973 1790 tumuitus
994 1718 1028 1782 in
1051 1720 1189 1804 graviore
1209 1740 1331 1783 annona

353 1840 567 1913 ametueretur,
589 1833 636 1897 bis
656 1855 730 1897 usus
750 1836 813 1911 cst3
838 1833 930 1897 semel
954 1834 992 1896 ad
1004 1834 1190 1919 praesidium
1211 1834 1330 1899 coloni·

352 1972 468 2029 aarum,
502 1948 662 2033 Illyricum
699 1948 960 2035 contingentium
995 1949 1107 2013 iterum
1142 1950 1181 2013 ad
1200 1952 1330 2016 tutelam

352 2065 455 2150 aripae
474 2063 575 2129 Rheni
596 2064 747 2127 fluminis:
774 2086 886 2148 eosque
911 2085 1011 2127 servos
1036 2063 1136 2128 adhuc
1155 2064 1229 2129 viris
1240 2066 1330 2131 femi-

351 2179 480 2262 unisque
516 2177 781 2263 pecuniosioribus
805 2176 949 2254 indictos,
972 2200 1008 2241 ao
1028 2177 1092 2241 sine
1113 2201 1197 2244 mora
1220 2202 1330 2245 manu-

350 2296 487 2373 umissos,
510 2294 687 2379 subpriore
710 2293 822 2357 vexillo
846 2292 964 2371 habuit,
986 2316 1093 2377 neque·
1108 2298 1162 2359 aut
1181 2296 1329 2361 commix-

350 2416 418 2476 atos
443 2434 512 2475 cum
541 2410 693 2498 ingenuis,
717 2413 771 2474 aut
795 2409 902 2474 eodem
922 2409 1012 2473 modo
1034 2408 1194 2474 armatos.”
1240 2410 1328 2475 Mul-

347 2531 414 2591 tum
435 2526 566 2591 abfuisse
591 2528 750 2589 uteorum
771 2524 938 2610 potentiam
963 2528 1083 2588 auctam
1108 2524 1208 2602 vellet,
1231 2525 1328 2589 confi-

348 2640 429 2705 citur
456 2640 547 2703 etiam
583 2662 621 2703 ex
650 2639 705 2702 illo
730 2639 877 2723 exemplo,
901 2661 919 2701 a
939 2639 1121 2705 sunrorro
1145 2638 1237 2717 aliato
1261 2661 1327 2727 cap.

348 2754 467 2820 XLIV:
494 2754 609 2820 aFacto
632 2754 729 2841 igitur
754 2754 875 2818 decreto
899 2757 1029 2839 patrum,
1052 2757 1097 2832 ut,
1120 2754 1327 2841 quotiesquid

348 2869 534 2954 aspectaculi
559 2892 686 2956 usquam
707 2869 865 2955 publicum
889 2870 1038 2948 ederetur,
1057 2869 1173 2954 primus
1186 2871 1327 2937 subselli-

349 3004 456 3047 norum
485 2983 559 3047 ordo
596 2987 718 3047 vacaret
742 2983 948 3060 senatoribus3
971 2982 1087 3046 Romae
1110 2983 1226 3070 legatos
1249 2986 1326 3052 libe·

346 3118 467 3162 ararum
499 3098 708 3185 sociarumque
740 3098 878 3184 gentium
899 3098 996 3162 vetuit
1018 3097 1051 3160 in
1075 3096 1229 3161 orchestra
1250 3121 1326 3164 oon·

346 3211 474 3288 nsidera,
508 3235 602 3298 quum
635 3212 782 3300 quosdam
817 3211 908 3275 etiam
933 3210 1067 3274 libertini
1101 3210 1220 3294 generis
1240 3213 1325 3278 mitti

347 3324 644 3411 adeprehendisset.”
692 3326 779 3389 Idem
808 3330 909 3387 tamen
944 3323 1116 3408 imperator,
1151 3328 1185 3387 ut
1210 3325 1324 3392 civium

341 3451 510 3516 numerum,
544 3439 633 3504 bellis
658 3438 799 3502 civilibus
823 3437 986 3514 minutum,
1010 3444 1146 3524 augeret,
1173 3440 1325 3519 omnibus,

345 3559 555 3641 praeterquam
572 3553 771 3630 senatoribus,
794 3551 932 3638 permisit
952 3551 1111 3617 hbertinas
1132 3576 1241 3619 uxores
1265 3554 1324 3620 du·

343 3691 419 3748 cere,
442 3669 487 3733 ita
510 3674 545 3733 ut
565 3669 685 3753 justum
710 3666 936 3731 matrimonium
959 3667 1107 3755 liberique
1131 3691 1169 3734 ex
1187 3669 1226 3732 iis
1249 3690 1322 3754 pro·

342 3783 435 3848 creati
456 3782 585 3869 legitimi
610 3785 719 3844 essent.

387 3898 457 3963 Jam
494 3897 668 3974 Trscnrus
691 3918 783 3980 quum
809 3897 967 3960 Aucusro
1001 3896 1207 3976 successisset,
1229 3897 1348 3982 hujus,

340 4015 555 4077 testamentum
576 4011 719 4076 recitasse
742 4033 795 4098 per
820 4010 963 4074 libertum
988 4016 1130 4076 narratur
1153 4035 1171 4075 a
1195 4011 1320 4076 Sucro-

340 4146 399 4190 nro
423 4129 457 4192 ia
480 4129 548 4192 cita
571 4129 685 4193 Tiberia·
709 4149 773 4213 cap.
797 4127 926 4192 XXIII.
973 4129 1157 4214 Ceteroquin
1182 4129 1239 4194 sub
1261 4128 1320 4193 hu·

332 4243 385 4327 jus
405 4241 532 4327 imperio
557 4243 635 4308 nulli
656 4241 758 4307 liberti
771 4264 789 4305 a
801 4243 1003 4328 scriptoribus
1015 4249 1231 4324 memorantur,
1242 4265 1318 4328 quo·

348 4366 516 4381 m

372 4418 415 4488 (1)
434 4419 565 4472 Succurras
582 4418 598 4467 1.
606 4417 623 4469 l.
643 4418 686 4466 hos
709 4424 844 4468 enumerat:
863 4417 969 4476 Gosrur,
987 4419 1106 4469 Drorrorrr
1125 4420 1317 4486 dispensatorem,

334 4509 454 4561 Procoroa
462 4509 580 4567 libertum,
597 4506 736 4559 Tarrtorsc
746 4522 758 4556 a
770 4520 848 4564 manu,
857 4507 1017 4572 paedagogum
1027 4509 1193 4575 ministrosque
1204 4507 1260 4562 Gru
1268 4509 1318 4560 tilii.
