3200 5525
736 758 800 818 139

323 933 415 1001 Plura
450 938 487 1001 de
514 938 648 1001 Acrurrs
678 936 742 1000 illis
772 940 846 999 nota
865 956 928 998 non
957 936 1038 1010 sunt,
1061 930 1113 995 sed
1137 927 1250 993 multos

276 1052 408 1136 ejusdem
436 1052 568 1118 nominis
603 1052 717 1118 Romae
737 1051 848 1117 vixisse
872 1050 946 1114 satis
969 1046 1127 1132 cognitum
1146 1047 1209 1119 est3
1232 1064 1251 1104 a

274 1163 407 1230 Saurea
425 1167 459 1230 in
487 1167 555 1231 aliis
578 1169 719 1231 Acrnrus
753 1169 899 1244 Amore,
920 1166 954 1228 in
973 1160 1110 1249 epistolis
1132 1156 1250 1221 Plinia-

274 1278 323 1342 nis
342 1281 487 1346 Aornrus
510 1281 640 1360 Rurus,
663 1282 743 1367 apud
778 1282 854 1345 alios
879 1279 1041 1364 scriptores
1065 1274 1118 1338 alii
1137 1293 1250 1336 memo·

272 1398 388 1459 rantur.

319 1624 359 1687 In
389 1628 563 1689 senatorum
594 1648 730 1705 numero,
762 1627 816 1710 qui
852 1626 885 1689 in
917 1625 979 1688 Sat.
1014 1620 1063 1685 IV
1094 1620 1250 1693 notantur,

273 1737 464 1803 acerbissime
494 1762 613 1824 quoque
648 1740 782 1827 carpitur
816 1739 995 1803 (irruimus
1030 1733 1249 1800 Messanicus

273 1872 316 1916 vs.
338 1854 403 1915 113
428 1874 496 1937 sqq:

355 2027 385 2081 et
406 2040 472 2083 cum
493 2022 642 2083 mortifero
664 2023 793 2101 prudens
815 2022 943 2097 VeJento
962 2020 1088 2096 Catullo,

324 2109 325 2116 ἵ
353 2124 404 2199 qui
426 2142 576 2200 nunquam
597 2127 680 2186 visae
701 2125 847 2201 flagrabat
872 2142 970 2184 amore
991 2122 1125 2200 puellae3

354 2226 1248 2306 grandeetconspicuumnostroquoquetemporemonstrum,

352 2347 457 2389 caecus
479 2332 615 2391 adulator
635 2332 774 2407 dirusque
795 2350 815 2390 a
835 2339 924 2407 ponte
946 2330 1077 2406 satelles,

352 2430 460 2506 dignus
481 2433 617 2493 Aricinos
639 2435 690 2510 qui
711 2433 893 2493 mendicaret
913 2432 952 2490 ad
973 2448 1046 2490 axes

351 2534 520 2612 blandaque
541 2537 673 2597 devexae
687 2538 818 2613 jactaret
841 2536 927 2595 basia
947 2533 1046 2593 redae.

351 2637 448 2696 Nemo
468 2640 564 2714 magis
585 2640 738 2701 rhombum
760 2640 883 2717 stupuit,
903 2656 973 2696 nam
993 2635 1122 2714 plurima
1132 2633 1208 2693 dixit

351 2740 383 2800 in
403 2743 520 2802 laevam
532 2761 701 2824 conversus,
723 2749 755 2805 at
775 2746 821 2804 illi
842 2744 948 2805 dextra
963 2741 1086 2820 jacebat

350 2841 448 2903 belua.
492 2844 543 2914 Sic
563 2863 681 2922 pugnas
702 2846 804 2906 Cilicis
825 2847 968 2906 laudabat
989 2849 1019 2904 et
1039 2845 1117 2903 ictus

351 2951 382 3007 et
401 2965 509 3025 pegma
527 2953 557 3009 et
577 2967 684 3028 pueros
705 2950 775 3009 inde
797 2949 837 3008 ad
863 2949 977 3008 velaria
993 2952 1104 3024 raptos.

315 3118 390 3182 Non
413 3118 564 3183 immerito
589 3120 710 3203 quidem
739 3120 822 3183 huno
846 3141 968 3183 caecum
996 3117 1159 3181 delatorem
1180 3119 1246 3179 atro

269 3231 396 3297 carbone
421 3256 438 3296 a
461 3239 550 3318 poeta
573 3236 682 3314 notari,
705 3236 832 3300 aliorum
852 3236 944 3299 etiam
957 3234 1138 3319 scriptorum
1158 3232 1247 3295 testi·

268 3345 379 3410 moniis
403 3347 574 3413 confirmari
598 3349 744 3414 videmus.
767 3351 912 3414 Severum
944 3349 1024 3413 enim
1050 3349 1087 3412 de
1110 3369 1145 3411 eo
1161 3345 1247 3431 judi·

268 3461 347 3525 cium
371 3461 484 3548 legitur
508 3464 588 3548 apud
612 3464 764 3528 Pnrururr
787 3467 891 3550 Epist.
910 3462 1122 3547 Libr.IV,ep.
1135 3460 1246 3537 XXII,

268 3574 286 3656 q
324 3580 354 3651 5,
389 3574 441 3656 qui
476 3597 569 3658 quum
591 3583 743 3640 narrasset
770 3577 981 3663 imperatorem
1000 3577 1150 3640 Nauvau
1174 3597 1244 3638 oum

266 3689 371 3773 paucis
383 3688 546 3773 aliquando
566 3668 765 3755 familiaribus
778 3713 927 3768 coenasse,
947 3691 991 3754 sie
999 3691 1114 3774 pergit:
1139 3690 1245 3751 aluci-

267 3803 334 3866 adit
347 3827 443 3868 serrno
457 3805 493 3868 de
505 3805 663 3869 caruero
676 3806 883 3884 Messanam,
905 3806 958 3890 qui
978 3805 1145 3868 luminibus
1156 3803 1244 3867 orba-

268 3920 339 3979 atus
351 3918 475 4003 ingenio
500 3942 587 3984 saevo
600 3921 678 3984 mala
691 3921 846 3984 caecitatis
858 3920 1023 3984 addiderat:
1047 3942 1110 3984 non
1122 3918 1243 3984 vereba-

267 4034 348 4108 ntur,
359 4053 421 4094 non
434 4033 635 4114 erubescebat,
646 4059 709 4100 non
722 4036 927 4100 miserebatur:
941 4059 1001 4120 quo
1014 4035 1133 4120 saepius
1145 4057 1162 4097 a
1174 4033 1242 4098 Do-

267 4163 432 4208 anrrrauo
454 4169 516 4210 non
541 4171 627 4214 secus
648 4174 683 4214 ac
705 4152 775 4230 tela,
797 4174 874 4236 quae
898 4157 929 4216 et
951 4152 1018 4235 ipsa
1043 4172 1131 4214 caeca
1142 4153 1173 4212 et
1183 4148 1242 4212 im·

266 4260 413 4343 aprovida
446 4261 596 4338 feruntur,
630 4265 662 4327 in
687 4266 836 4350 optimum
856 4289 1003 4350 quemque
1023 4263 1242 4349 contorqueba-

266 4375 345 4436 ntur.
392 4373 441 4438 De
465 4373 555 4460 hujus
579 4380 715 4463 nequitia
738 4381 1001 4469 sanguinariisque
1025 4380 1184 4445 sententiis
1207 4379 1241 4442 in

266 4509 444 4557 ceommune
465 4514 569 4557 omnes
605 4516 693 4579 super
718 4518 822 4561 cenam
846 4498 1063 4581 loquebantur,
1087 4495 1240 4580 cumipse
