3200 5525
393 1841 1205 1957 PRAEFATIO.

359 2503 431 2566 dam
467 2506 588 2568 taudem
622 2528 743 2569 meruere
765 2507 803 2569 de
819 2512 975 2581 straturus,
1000 2503 1081 2589 quod
1110 2502 1209 2564 adiuro
1243 2521 1289 2571 re-

314 2620 425 2695 stabat,
448 2622 605 2703 quominus
636 2620 699 2685 diei
729 2643 847 2705 possem
870 2621 1005 2684 stadium
1028 2617 1230 2681 academicum
1249 2614 1293 2677 ad

306 2735 403 2816 fiuem
425 2735 603 2810 decurrisse,
628 2759 712 2822 quem
731 2739 832 2821 prius,
855 2760 944 2822 quam
967 2734 1173 2813 te‚earissime
1190 2736 1290 2815 pater,

313 2850 474 2934 appellem,
497 2853 547 2914 oui
571 2859 615 2914 tot
639 2859 786 2937 tantoque
806 2855 902 2930 debeo,
929 2861 1045 2937 quauta
1068 2857 1166 2914 merite
1184 2846 1291 2932 potius

315 2954 469 3048 eoulipere
495 2987 628 3050 possum,
663 2989 753 3051 quam
783 2969 882 3030 uerbis
912 2965 1101 3051 suprimere?
1135 2965 1180 3026 Tu
1212 2961 1291 3024 euim

318 3100 378 3144 uou
413 3080 497 3143 uitae
531 3081 628 3144 solum
660 3083 848 3167 ommiumque
882 3105 959 3168 quae
981 3084 1055 3146 daeo
1079 3080 1133 3142 luu
1148 3075 1292 3160 juorouda

317 3199 428 3282 afferre
458 3197 536 3260 solet
571 3205 676 3262 arootor
710 3199 787 3261 milei
822 3199 980 3275 exstitisti,
1009 3198 1065 3260 sed
1094 3197 1131 3259 ab
1153 3191 1293 3276 infautia

318 3311 451 3374 orimum
487 3312 620 3376 euoolere
651 3315 834 3399 optimisque
864 3315 951 3377 relus
973 3312 1094 3376 erudire
1116 3309 1196 3372 omui
1218 3328 1292 3371 eura

314 3433 343 3489 et
378 3426 534 3490 industria
568 3426 740 3504 studuisti;
765 3450 819 3491 meo
848 3436 968 3511 patrem
1005 3432 1124 3490 tautum
1147 3431 1178 3487 te
1200 3427 1292 3506 atque

316 3539 513 3616 educatorem,
547 3541 603 3604 sed
635 3543 758 3605 eumdem
791 3543 950 3606 literarum
987 3565 1023 3605 oo
1056 3539 1290 3624 disciplinarum

312 3662 537 3739 praeceptorem
560 3677 625 3718 sum
661 3662 777 3733 uastas,
800 3657 1026 3742 studiorumque
1048 3655 1159 3718 sosium
1182 3659 1212 3715 et
1235 3650 1291 3714 ad·

305 3767 450 3850 jutorem.

366 3883 471 3948 Notae
495 3892 595 3948 autem
618 3886 677 3949 tibi
699 3895 771 3950 sumt
795 3909 914 3952 causae.
929 3888 972 3948 mi
979 3892 1079 3969 pater,
1091 3903 1185 3968 quare
1194 3881 1294 3944 serias

318 4018 406 4082 quam
425 3999 568 4085 plerique
591 4000 743 4064 sodalium
765 4023 895 4064 meorum
918 3999 1091 4063 academica
1112 3995 1217 4059 studia
1240 3994 1292 4057 ab·

317 4111 466 4189 solverim,
489 4136 543 4177 ueo
577 4116 724 4180 tarditati
753 4117 872 4200 quidem
895 4117 956 4179 seis
978 4137 1069 4191 meae,
1090 4134 1192 4177 uerum
1206 4108 1293 4177 ,aliis

318 4226 405 4290 relus
428 4226 514 4291 illud
534 4229 722 4295 tribuendum
747 4254 819 4295 esse.
858 4233 955 4300 Quum
978 4231 1057 4295 euim
1070 4227 1291 4313 jurispmden·

321 4343 386 4406 tiae
420 4366 466 4407 me
490 4366 608 4429 operam
632 4347 774 4412 daturum
799 4371 863 4412 esse
886 4349 1079 4424 destinasses,
1102 4370 1121 4409 a
1145 4351 1175 4410 te
1197 4343 1291 4427 impe·

314 4459 405 4536 lraoi,
439 4466 474 4523 ut
511 4460 669 4526 dterarum
699 4464 805 4526 studia
840 4464 949 4527 saltem
981 4487 1045 4528 asom
1077 4462 1137 4525 illa
1160 4459 1289 4524 seientia
