<?xml version="1.0" encoding="UTF-8"?>
<!DOCTYPE html PUBLIC "-//W3C//DTD XHTML 1.0 Transitional//EN"
    "http://www.w3.org/TR/xhtml1/DTD/xhtml1-transitional.dtd">
<html xmlns="http://www.w3.org/1999/xhtml" xml:lang="en" lang="en">
 <head>
  <title>
</title>
<meta http-equiv="Content-Type" content="text/html;charset=utf-8" />
  <meta name='ocr-system' content='tesseract 3.04.00' />
  <meta name='ocr-capabilities' content='ocr_page ocr_carea ocr_par ocr_line ocrx_word'/>
</head>
<body>
  <div class='ocr_page' id='page_1' title='image "./specimenliterar00epkegoog_0077.png"; bbox 0 0 3200 5525; ppageno 0'>
   <div class='ocr_carea' id='block_1_1' title="bbox 788 735 829 795">
    <p class='ocr_par' dir='ltr' id='par_1_1' title="bbox 788 735 829 795">
     <span class='ocr_line' id='line_1_1' title="bbox 788 735 829 795; baseline 0 0"><span class='ocrx_word' id='word_1_1' title='bbox 788 735 829 795; x_wconf 88' lang='lat'><strong>63</strong></span> 
     </span>
    </p>
   </div>
   <div class='ocr_carea' id='block_1_2' title="bbox 315 913 1292 1575">
    <p class='ocr_par' dir='ltr' id='par_1_2' title="bbox 315 913 1292 1575">
     <span class='ocr_line' id='line_1_2' title="bbox 316 913 1290 1003; baseline -0.003 -22"><span class='ocrx_word' id='word_1_2' title='bbox 316 939 392 1003; x_wconf 87' lang='lat' dir='ltr'><strong>quos</strong></span> <span class='ocrx_word' id='word_1_3' title='bbox 414 918 447 980; x_wconf 91' lang='lat' dir='ltr'><strong>in</strong></span> <span class='ocrx_word' id='word_1_4' title='bbox 467 917 581 981; x_wconf 85' lang='lat' dir='ltr'><strong>honore</strong></span> <span class='ocrx_word' id='word_1_5' title='bbox 604 920 635 979; x_wconf 86' lang='lat' dir='ltr'><strong>et</strong></span> <span class='ocrx_word' id='word_1_6' title='bbox 655 937 713 979; x_wconf 89' lang='lat' dir='ltr'><strong>usu</strong></span> <span class='ocrx_word' id='word_1_7' title='bbox 737 914 866 978; x_wconf 81' lang='lat' dir='ltr'><strong>maxime</strong></span> <span class='ocrx_word' id='word_1_8' title='bbox 882 914 1013 978; x_wconf 87' lang='lat' dir='ltr'><strong>haberet.</strong></span> <span class='ocrx_word' id='word_1_9' title='bbox 1062 914 1145 978; x_wconf 90' lang='lat' dir='ltr'>Olim</span> <span class='ocrx_word' id='word_1_10' title='bbox 1167 913 1196 978; x_wconf 92' lang='lat' dir='ltr'><strong>h.</strong></span> <span class='ocrx_word' id='word_1_11' title='bbox 1208 915 1228 978; x_wconf 91' lang='lat' dir='ltr'><strong>l.</strong></span> <span class='ocrx_word' id='word_1_12' title='bbox 1246 916 1290 979; x_wconf 85' lang='lat' dir='ltr'><strong>le·</strong></span> 
     </span>
     <span class='ocr_line' id='line_1_3' title="bbox 315 1028 1291 1119; baseline -0.002 -23"><span class='ocrx_word' id='word_1_13' title='bbox 315 1032 455 1119; x_wconf 82' lang='lat' dir='ltr'><strong>gebatur:</strong></span> <span class='ocrx_word' id='word_1_14' title='bbox 488 1036 545 1095; x_wconf 71' lang='lat' dir='ltr'><strong>rut</strong></span> <span class='ocrx_word' id='word_1_15' title='bbox 575 1031 751 1107; x_wconf 84' lang='lat' dir='ltr'><strong>Lrorurun,</strong></span> <span class='ocrx_word' id='word_1_16' title='bbox 769 1029 982 1093; x_wconf 72' lang='lat' dir='ltr'><strong>Eucnrnnun</strong></span> <span class='ocrx_word' id='word_1_17' title='bbox 1006 1028 1175 1114; x_wconf 88' lang='lat' dir='ltr'><strong>aliosque,”</strong></span> <span class='ocrx_word' id='word_1_18' title='bbox 1200 1051 1291 1114; x_wconf 90' lang='lat' dir='ltr'><strong>quam</strong></span> 
     </span>
     <span class='ocr_line' id='line_1_4' title="bbox 315 1136 1291 1229; baseline 0 -20"><span class='ocrx_word' id='word_1_19' title='bbox 315 1145 477 1210; x_wconf 79' lang='lat' dir='ltr'><strong>lectionem</strong></span> <span class='ocrx_word' id='word_1_20' title='bbox 496 1146 636 1211; x_wconf 81' lang='lat' dir='ltr'><strong>vitiosam</strong></span> <span class='ocrx_word' id='word_1_21' title='bbox 656 1144 801 1229; x_wconf 84' lang='lat' dir='ltr'><strong>judicans</strong></span> <span class='ocrx_word' id='word_1_22' title='bbox 826 1146 1090 1210; x_wconf 81' lang='lat' dir='ltr'><strong>Ounuunonrrus</strong></span> <span class='ocrx_word' id='word_1_23' title='bbox 1110 1136 1291 1211; x_wconf 77' lang='lat' dir='ltr'><strong>emendavit:</strong></span> 
     </span>
     <span class='ocr_line' id='line_1_5' title="bbox 318 1260 1290 1351; baseline 0.003 -31"><span class='ocrx_word' id='word_1_24' title='bbox 318 1262 513 1339; x_wconf 74' lang='lat' dir='ltr'><strong>nLrorurun,</strong></span> <span class='ocrx_word' id='word_1_25' title='bbox 535 1260 670 1351; x_wconf 79' lang='lat' dir='ltr'><strong>Eunoni,</strong></span> <span class='ocrx_word' id='word_1_26' title='bbox 693 1260 859 1324; x_wconf 77' lang='lat' dir='ltr'><strong>Grannum</strong></span> <span class='ocrx_word' id='word_1_27' title='bbox 883 1260 1045 1344; x_wconf 84' lang='lat' dir='ltr'><strong>aliosque.&#39;’</strong></span> <span class='ocrx_word' id='word_1_28' title='bbox 1067 1260 1204 1323; x_wconf 78' lang='lat' dir='ltr'><strong>Eandem</strong></span> <span class='ocrx_word' id='word_1_29' title='bbox 1223 1260 1290 1323; x_wconf 79' lang='lat' dir='ltr'><strong>lee-</strong></span> 
     </span>
     <span class='ocr_line' id='line_1_6' title="bbox 315 1373 1291 1439; baseline 0.001 -2"><span class='ocrx_word' id='word_1_30' title='bbox 315 1375 430 1439; x_wconf 81' lang='lat' dir='ltr'><strong>tionem</strong></span> <span class='ocrx_word' id='word_1_31' title='bbox 458 1374 690 1439; x_wconf 77' lang='lat' dir='ltr'><strong>Hammonius</strong></span> <span class='ocrx_word' id='word_1_32' title='bbox 713 1375 746 1438; x_wconf 91' lang='lat' dir='ltr'><strong>in</strong></span> <span class='ocrx_word' id='word_1_33' title='bbox 771 1374 829 1437; x_wconf 90' lang='lat' dir='ltr'><strong>hoo</strong></span> <span class='ocrx_word' id='word_1_34' title='bbox 852 1374 1041 1439; x_wconf 78' lang='lat' dir='ltr'><strong>Juvnunrrs</strong></span> <span class='ocrx_word' id='word_1_35' title='bbox 1062 1374 1129 1437; x_wconf 90' lang='lat' dir='ltr'><strong>loeo</strong></span> <span class='ocrx_word' id='word_1_36' title='bbox 1153 1373 1291 1438; x_wconf 85' lang='lat' dir='ltr'><strong>vindicat</strong></span> 
     </span>
     <span class='ocr_line' id='line_1_7' title="bbox 317 1486 1292 1575; baseline 0 -22"><span class='ocrx_word' id='word_1_37' title='bbox 317 1494 423 1553; x_wconf 82' lang='lat' dir='ltr'><strong>eontra</strong></span> <span class='ocrx_word' id='word_1_38' title='bbox 446 1486 774 1572; x_wconf 69' lang='lat' dir='ltr'><strong>Bnrrnuurcun,&#39;qui</strong></span> <span class='ocrx_word' id='word_1_39' title='bbox 795 1488 872 1575; x_wconf 82' lang='lat' dir='ltr'><strong>legit</strong></span> <span class='ocrx_word' id='word_1_40' title='bbox 891 1488 1116 1565; x_wconf 66' lang='lat' dir='ltr'><strong>Euonrnnnm</strong></span> <span class='ocrx_word' id='word_1_41' title='bbox 1138 1488 1225 1553; x_wconf 92' lang='lat' dir='ltr'><strong>illius</strong></span> <span class='ocrx_word' id='word_1_42' title='bbox 1237 1511 1292 1553; x_wconf 88' lang='lat' dir='ltr'><strong>au·</strong></span> 
     </span>
    </p>
   </div>
   <div class='ocr_carea' id='block_1_3' title="bbox 316 1604 1001 1691">
    <p class='ocr_par' dir='ltr' id='par_1_3' title="bbox 316 1604 1001 1691">
     <span class='ocr_line' id='line_1_8' title="bbox 316 1604 1001 1691; baseline -0.004 -23"><span class='ocrx_word' id='word_1_43' title='bbox 316 1610 377 1669; x_wconf 87' lang='lat' dir='ltr'><strong>tem</strong></span> <span class='ocrx_word' id='word_1_44' title='bbox 397 1605 501 1691; x_wconf 88' lang='lat' dir='ltr'><strong>opinio</strong></span> <span class='ocrx_word' id='word_1_45' title='bbox 519 1604 771 1690; x_wconf 73' lang='lat' dir='ltr'><strong>inscriptionibus</strong></span> <span class='ocrx_word' id='word_1_46' title='bbox 796 1605 1001 1668; x_wconf 83' lang='lat' dir='ltr'><strong>confirmatur.</strong></span> 
     </span>
    </p>
   </div>
   <div class='ocr_carea' id='block_1_4' title="bbox 362 1833 1102 1919">
    <p class='ocr_par' dir='ltr' id='par_1_4' title="bbox 362 1833 1102 1919">
     <span class='ocr_line' id='line_1_9' title="bbox 362 1833 1102 1919; baseline -0.001 -24"><span class='ocrx_word' id='word_1_47' title='bbox 362 1833 411 1895; x_wconf 90' lang='lat' dir='ltr'><strong>De</strong></span> <span class='ocrx_word' id='word_1_48' title='bbox 430 1834 526 1897; x_wconf 79' lang='lat' dir='ltr'><strong>Ruso</strong></span> <span class='ocrx_word' id='word_1_49' title='bbox 550 1834 679 1919; x_wconf 85' lang='lat' dir='ltr'><strong>legimus</strong></span> <span class='ocrx_word' id='word_1_50' title='bbox 700 1834 762 1895; x_wconf 82' lang='lat' dir='ltr'><strong>Sat.</strong></span> <span class='ocrx_word' id='word_1_51' title='bbox 786 1833 863 1909; x_wconf 83' lang='lat' dir='ltr'><strong>VII,</strong></span> <span class='ocrx_word' id='word_1_52' title='bbox 882 1855 926 1896; x_wconf 87' lang='lat' dir='ltr'><strong>rs.</strong></span> <span class='ocrx_word' id='word_1_53' title='bbox 952 1836 1017 1895; x_wconf 77' lang='lat'><strong>213</strong></span> <span class='ocrx_word' id='word_1_54' title='bbox 1040 1855 1102 1915; x_wconf 88' lang='lat' dir='ltr'><strong>sq.:</strong></span> 
     </span>
    </p>
   </div>
   <div class='ocr_carea' id='block_1_5' title="bbox 354 2007 1263 2193">
    <p class='ocr_par' dir='ltr' id='par_1_5' title="bbox 354 2007 1263 2193">
     <span class='ocr_line' id='line_1_10' title="bbox 356 2007 1263 2091; baseline -0.001 -18"><span class='ocrx_word' id='word_1_55' title='bbox 356 2012 417 2073; x_wconf 79' lang='lat' dir='ltr'><strong>Sed</strong></span> <span class='ocrx_word' id='word_1_56' title='bbox 426 2012 536 2073; x_wconf 85' lang='lat' dir='ltr'><strong>Rufum</strong></span> <span class='ocrx_word' id='word_1_57' title='bbox 548 2018 637 2091; x_wconf 90' lang='lat' dir='ltr'><strong>atque</strong></span> <span class='ocrx_word' id='word_1_58' title='bbox 649 2014 724 2071; x_wconf 86' lang='lat' dir='ltr'><strong>alios</strong></span> <span class='ocrx_word' id='word_1_59' title='bbox 736 2012 834 2071; x_wconf 81' lang='lat' dir='ltr'><strong>caedit</strong></span> <span class='ocrx_word' id='word_1_60' title='bbox 844 2028 899 2070; x_wconf 87' lang='lat' dir='ltr'><strong>sua</strong></span> <span class='ocrx_word' id='word_1_61' title='bbox 910 2028 1045 2087; x_wconf 88' lang='lat' dir='ltr'><strong>quaeque</strong></span> <span class='ocrx_word' id='word_1_62' title='bbox 1057 2007 1103 2089; x_wconf 90' lang='lat'><strong>(1)</strong></span> <span class='ocrx_word' id='word_1_63' title='bbox 1109 2010 1263 2091; x_wconf 84' lang='lat' dir='ltr'><strong>juventus,</strong></span> 
     </span>
     <span class='ocr_line' id='line_1_11' title="bbox 354 2110 1166 2193; baseline -0.004 -17"><span class='ocrx_word' id='word_1_64' title='bbox 354 2116 465 2176; x_wconf 84' lang='lat' dir='ltr'><strong>Rufum</strong></span> <span class='ocrx_word' id='word_1_65' title='bbox 476 2134 563 2193; x_wconf 89' lang='lat' dir='ltr'><strong>quem</strong></span> <span class='ocrx_word' id='word_1_66' title='bbox 574 2117 661 2177; x_wconf 86' lang='lat' dir='ltr'><strong>toties</strong></span> <span class='ocrx_word' id='word_1_67' title='bbox 672 2116 843 2176; x_wconf 76' lang='lat' dir='ltr'><strong>Ciceronem</strong></span> <span class='ocrx_word' id='word_1_68' title='bbox 855 2113 1016 2189; x_wconf 82' lang='lat' dir='ltr'><strong>Allobroga</strong></span> <span class='ocrx_word' id='word_1_69' title='bbox 1027 2112 1112 2173; x_wconf 86' lang='lat' dir='ltr'><strong>dixit.</strong></span> <span class='ocrx_word' id='word_1_70' title='bbox 1164 2110 1166 2112; x_wconf 67' lang='grc'><strong><em>’</em></strong></span> 
     </span>
    </p>
   </div>
   <div class='ocr_carea' id='block_1_6' title="bbox 312 2283 1291 3746">
    <p class='ocr_par' dir='ltr' id='par_1_6' title="bbox 312 2283 1291 3746">
     <span class='ocr_line' id='line_1_12' title="bbox 361 2283 1290 2367; baseline -0.002 -16"><span class='ocrx_word' id='word_1_71' title='bbox 361 2289 401 2351; x_wconf 93' lang='lat' dir='ltr'><strong>In</strong></span> <span class='ocrx_word' id='word_1_72' title='bbox 421 2284 553 2351; x_wconf 83' lang='lat' dir='ltr'><strong>Scholiis</strong></span> <span class='ocrx_word' id='word_1_73' title='bbox 575 2286 712 2350; x_wconf 79' lang='lat' dir='ltr'><strong>Gnuuns</strong></span> <span class='ocrx_word' id='word_1_74' title='bbox 736 2290 766 2349; x_wconf 88' lang='lat' dir='ltr'><strong>et</strong></span> <span class='ocrx_word' id='word_1_75' title='bbox 790 2284 878 2348; x_wconf 86' lang='lat' dir='ltr'><strong>valde</strong></span> <span class='ocrx_word' id='word_1_76' title='bbox 903 2283 1035 2347; x_wconf 88' lang='lat' dir='ltr'><strong>disertus</strong></span> <span class='ocrx_word' id='word_1_77' title='bbox 1059 2287 1194 2359; x_wconf 80' lang='lat' dir='ltr'><strong>vocatur,</strong></span> <span class='ocrx_word' id='word_1_78' title='bbox 1212 2305 1290 2367; x_wconf 89' lang='lat' dir='ltr'><strong>quae</strong></span> 
     </span>
     <span class='ocr_line' id='line_1_13' title="bbox 313 2401 1291 2488; baseline 0.001 -23"><span class='ocrx_word' id='word_1_79' title='bbox 313 2401 524 2488; x_wconf 86' lang='lat' dir='ltr'><strong>interpretatio</strong></span> <span class='ocrx_word' id='word_1_80' title='bbox 549 2424 618 2465; x_wconf 89' lang='lat' dir='ltr'><strong>eum</strong></span> <span class='ocrx_word' id='word_1_81' title='bbox 646 2402 710 2485; x_wconf 87' lang='lat' dir='ltr'><strong>ejus</strong></span> <span class='ocrx_word' id='word_1_82' title='bbox 743 2402 932 2487; x_wconf 85' lang='lat' dir='ltr'><strong>cognomine,</strong></span> <span class='ocrx_word' id='word_1_83' title='bbox 963 2403 1103 2465; x_wconf 77' lang='lat' dir='ltr'><strong>Cicerone</strong></span> <span class='ocrx_word' id='word_1_84' title='bbox 1127 2402 1291 2484; x_wconf 69' lang='lat' dir='ltr'><strong>Allobroqi,</strong></span> 
     </span>
     <span class='ocr_line' id='line_1_14' title="bbox 313 2514 1290 2601; baseline -0.002 -20"><span class='ocrx_word' id='word_1_85' title='bbox 313 2516 389 2581; x_wconf 89' lang='lat' dir='ltr'><strong>bene</strong></span> <span class='ocrx_word' id='word_1_86' title='bbox 414 2538 580 2601; x_wconf 83' lang='lat' dir='ltr'><strong>congruere</strong></span> <span class='ocrx_word' id='word_1_87' title='bbox 603 2515 733 2579; x_wconf 87' lang='lat' dir='ltr'><strong>videtur.</strong></span> <span class='ocrx_word' id='word_1_88' title='bbox 757 2514 821 2578; x_wconf 90' lang='lat' dir='ltr'><strong>Hie</strong></span> <span class='ocrx_word' id='word_1_89' title='bbox 844 2536 948 2579; x_wconf 88' lang='lat' dir='ltr'><strong>versus</strong></span> <span class='ocrx_word' id='word_1_90' title='bbox 972 2514 1053 2578; x_wconf 89' lang='lat' dir='ltr'><strong>enim</strong></span> <span class='ocrx_word' id='word_1_91' title='bbox 1077 2514 1121 2576; x_wconf 89' lang='lat' dir='ltr'><strong>sio</strong></span> <span class='ocrx_word' id='word_1_92' title='bbox 1141 2514 1290 2600; x_wconf 86' lang='lat' dir='ltr'><strong>interpre-</strong></span> 
     </span>
     <span class='ocr_line' id='line_1_15' title="bbox 313 2628 1289 2695; baseline 0.001 -2"><span class='ocrx_word' id='word_1_93' title='bbox 313 2630 425 2694; x_wconf 87' lang='lat' dir='ltr'><strong>tandus</strong></span> <span class='ocrx_word' id='word_1_94' title='bbox 445 2653 509 2694; x_wconf 85' lang='lat' dir='ltr'><strong>esse</strong></span> <span class='ocrx_word' id='word_1_95' title='bbox 529 2630 604 2693; x_wconf 88' lang='lat' dir='ltr'><strong>mihi</strong></span> <span class='ocrx_word' id='word_1_96' title='bbox 628 2630 758 2695; x_wconf 83' lang='lat' dir='ltr'><strong>ridetur:</strong></span> <span class='ocrx_word' id='word_1_97' title='bbox 780 2630 838 2694; x_wconf 87' lang='lat' dir='ltr'><strong>etsi</strong></span> <span class='ocrx_word' id='word_1_98' title='bbox 851 2632 976 2693; x_wconf 78' lang='lat' dir='ltr'><strong>Rnrun</strong></span> <span class='ocrx_word' id='word_1_99' title='bbox 987 2628 1079 2693; x_wconf 90' lang='lat' dir='ltr'><strong>toties</strong></span> <span class='ocrx_word' id='word_1_100' title='bbox 1091 2629 1289 2694; x_wconf 74' lang='lat' dir='ltr'><strong>cronnonan</strong></span> 
     </span>
     <span class='ocr_line' id='line_1_16' title="bbox 314 2742 1289 2830; baseline 0 -22"><span class='ocrx_word' id='word_1_101' title='bbox 314 2743 482 2830; x_wconf 71' lang='lat' dir='ltr'><strong>Allobroga</strong></span> <span class='ocrx_word' id='word_1_102' title='bbox 512 2743 533 2807; x_wconf 90' lang='lat' dir='ltr'><strong>i.</strong></span> <span class='ocrx_word' id='word_1_103' title='bbox 557 2767 573 2808; x_wconf 88' lang='lat' dir='ltr'><strong>e</strong></span> <span class='ocrx_word' id='word_1_104' title='bbox 598 2743 761 2821; x_wconf 83' lang='lat' dir='ltr'><strong>Gallicum,</strong></span> <span class='ocrx_word' id='word_1_105' title='bbox 797 2744 885 2821; x_wconf 84' lang='lat' dir='ltr'><strong>dixit,</strong></span> <span class='ocrx_word' id='word_1_106' title='bbox 907 2749 1009 2808; x_wconf 86' lang='lat' dir='ltr'><strong>tamen</strong></span> <span class='ocrx_word' id='word_1_107' title='bbox 1030 2743 1137 2808; x_wconf 87' lang='lat' dir='ltr'><strong>caedit.</strong></span> <span class='ocrx_word' id='word_1_108' title='bbox 1184 2742 1289 2808; x_wconf 88' lang='lat' dir='ltr'><strong>Disci-</strong></span> 
     </span>
     <span class='ocr_line' id='line_1_17' title="bbox 314 2855 1289 2944; baseline 0.005 -26"><span class='ocrx_word' id='word_1_109' title='bbox 314 2855 380 2942; x_wconf 91' lang='lat' dir='ltr'><strong>puIi</strong></span> <span class='ocrx_word' id='word_1_110' title='bbox 400 2856 497 2941; x_wconf 83' lang='lat' dir='ltr'><strong>igitur</strong></span> <span class='ocrx_word' id='word_1_111' title='bbox 532 2856 589 2919; x_wconf 90' lang='lat' dir='ltr'><strong>etsi</strong></span> <span class='ocrx_word' id='word_1_112' title='bbox 613 2857 707 2922; x_wconf 76' lang='lat' dir='ltr'><strong>Ruri</strong></span> <span class='ocrx_word' id='word_1_113' title='bbox 731 2878 800 2920; x_wconf 90' lang='lat' dir='ltr'><strong>oum</strong></span> <span class='ocrx_word' id='word_1_114' title='bbox 820 2858 1003 2921; x_wconf 83' lang='lat' dir='ltr'><strong>Orcunours</strong></span> <span class='ocrx_word' id='word_1_115' title='bbox 1028 2862 1204 2944; x_wconf 85' lang='lat' dir='ltr'><strong>comparant</strong></span> <span class='ocrx_word' id='word_1_116' title='bbox 1226 2858 1289 2923; x_wconf 87' lang='lat' dir='ltr'><strong>elo·</strong></span> 
     </span>
     <span class='ocr_line' id='line_1_18' title="bbox 315 2970 1289 3058; baseline 0.001 -22"><span class='ocrx_word' id='word_1_117' title='bbox 315 2971 480 3058; x_wconf 82' lang='lat' dir='ltr'><strong>quantiam,</strong></span> <span class='ocrx_word' id='word_1_118' title='bbox 498 2970 699 3034; x_wconf 88' lang='lat' dir='ltr'><strong>nihilominus</strong></span> <span class='ocrx_word' id='word_1_119' title='bbox 719 2991 788 3036; x_wconf 88' lang='lat' dir='ltr'><strong>eum</strong></span> <span class='ocrx_word' id='word_1_120' title='bbox 817 2977 937 3037; x_wconf 84' lang='lat' dir='ltr'><strong>vexant.</strong></span> <span class='ocrx_word' id='word_1_121' title='bbox 983 2972 1078 3036; x_wconf 85' lang='lat' dir='ltr'><strong>Hune</strong></span> <span class='ocrx_word' id='word_1_122' title='bbox 1096 2974 1189 3037; x_wconf 82' lang='lat' dir='ltr'><strong>fuisse</strong></span> <span class='ocrx_word' id='word_1_123' title='bbox 1209 2974 1289 3037; x_wconf 81' lang='lat' dir='ltr'><strong>exis-</strong></span> 
     </span>
     <span class='ocr_line' id='line_1_19' title="bbox 312 3086 1289 3174; baseline 0.002 -24"><span class='ocrx_word' id='word_1_124' title='bbox 312 3086 388 3151; x_wconf 91' lang='lat' dir='ltr'><strong>timo</strong></span> <span class='ocrx_word' id='word_1_125' title='bbox 412 3087 568 3151; x_wconf 73' lang='lat' dir='ltr'><strong>Saunium</strong></span> <span class='ocrx_word' id='word_1_126' title='bbox 590 3086 725 3165; x_wconf 79' lang='lat' dir='ltr'><strong>Eurum,</strong></span> <span class='ocrx_word' id='word_1_127' title='bbox 748 3087 784 3151; x_wconf 93' lang='lat' dir='ltr'><strong>de</strong></span> <span class='ocrx_word' id='word_1_128' title='bbox 816 3087 932 3171; x_wconf 92' lang='lat' dir='ltr'><strong>quoin</strong></span> <span class='ocrx_word' id='word_1_129' title='bbox 955 3087 1104 3174; x_wconf 82' lang='lat' dir='ltr'><strong>Epistolis</strong></span> <span class='ocrx_word' id='word_1_130' title='bbox 1138 3086 1289 3152; x_wconf 89' lang='lat' dir='ltr'><strong>Plinianis</strong></span> 
     </span>
     <span class='ocr_line' id='line_1_20' title="bbox 313 3185 1289 3288; baseline 0.004 -24"><span class='ocrx_word' id='word_1_131' title='bbox 313 3199 397 3266; x_wconf 89' lang='lat' dir='ltr'><strong>Libr.</strong></span> <span class='ocrx_word' id='word_1_132' title='bbox 420 3201 448 3279; x_wconf 88' lang='lat' dir='ltr'><strong>I,</strong></span> <span class='ocrx_word' id='word_1_133' title='bbox 460 3223 504 3287; x_wconf 90' lang='lat' dir='ltr'><strong>ep.</strong></span> <span class='ocrx_word' id='word_1_134' title='bbox 525 3199 565 3278; x_wconf 87' lang='lat' dir='ltr'><strong>V,</strong></span> <span class='ocrx_word' id='word_1_135' title='bbox 585 3201 604 3286; x_wconf 67' lang='lat' dir='ltr'><strong>d</strong></span> <span class='ocrx_word' id='word_1_136' title='bbox 630 3204 671 3264; x_wconf 92' lang='lat' dir='ltr'><strong>Il</strong></span> <span class='ocrx_word' id='word_1_137' title='bbox 697 3185 858 3266; x_wconf 77' lang='lat' dir='ltr'><strong>Brennus</strong></span> <span class='ocrx_word' id='word_1_138' title='bbox 870 3201 993 3286; x_wconf 86' lang='lat' dir='ltr'><strong>qnidam</strong></span> <span class='ocrx_word' id='word_1_139' title='bbox 1008 3203 1053 3266; x_wconf 88' lang='lat' dir='ltr'><strong>sio</strong></span> <span class='ocrx_word' id='word_1_140' title='bbox 1061 3202 1194 3288; x_wconf 83' lang='lat' dir='ltr'><strong>judicat:</strong></span> <span class='ocrx_word' id='word_1_141' title='bbox 1208 3203 1289 3267; x_wconf 77' lang='lat' dir='ltr'><strong>rSA-</strong></span> 
     </span>
     <span class='ocr_line' id='line_1_21' title="bbox 315 3317 1288 3394; baseline 0.008 -19"><span class='ocrx_word' id='word_1_142' title='bbox 315 3336 435 3380; x_wconf 70' lang='lat' dir='ltr'><strong>armus</strong></span> <span class='ocrx_word' id='word_1_143' title='bbox 466 3318 591 3394; x_wconf 75' lang='lat' dir='ltr'><strong>Rarus,</strong></span> <span class='ocrx_word' id='word_1_144' title='bbox 616 3317 665 3380; x_wconf 90' lang='lat' dir='ltr'><strong>oui</strong></span> <span class='ocrx_word' id='word_1_145' title='bbox 689 3341 751 3382; x_wconf 93' lang='lat' dir='ltr'><strong>non</strong></span> <span class='ocrx_word' id='word_1_146' title='bbox 775 3323 915 3382; x_wconf 82' lang='lat' dir='ltr'><strong>osteum</strong></span> <span class='ocrx_word' id='word_1_147' title='bbox 936 3319 1105 3384; x_wconf 84' lang='lat' dir='ltr'><strong>Orcnnoun</strong></span> <span class='ocrx_word' id='word_1_148' title='bbox 1126 3318 1288 3384; x_wconf 91' lang='lat' dir='ltr'><strong>aemuIatio</strong></span> 
     </span>
     <span class='ocr_line' id='line_1_22' title="bbox 315 3433 1289 3521; baseline 0.006 -29"><span class='ocrx_word' id='word_1_149' title='bbox 315 3436 366 3495; x_wconf 74' lang='lat' dir='ltr'><strong>ret</strong></span> <span class='ocrx_word' id='word_1_150' title='bbox 382 3498 383 3501; x_wconf 61' lang='grc'>,</span> <span class='ocrx_word' id='word_1_151' title='bbox 400 3433 452 3516; x_wconf 91' lang='lat' dir='ltr'><strong>qui</strong></span> <span class='ocrx_word' id='word_1_152' title='bbox 485 3435 648 3497; x_wconf 82' lang='lat' dir='ltr'><strong>contentus</strong></span> <span class='ocrx_word' id='word_1_153' title='bbox 664 3439 710 3498; x_wconf 89' lang='lat' dir='ltr'><strong>est</strong></span> <span class='ocrx_word' id='word_1_154' title='bbox 733 3434 907 3518; x_wconf 86' lang='lat' dir='ltr'><strong>eloquentia</strong></span> <span class='ocrx_word' id='word_1_155' title='bbox 929 3434 1024 3498; x_wconf 88' lang='lat' dir='ltr'><strong>seeuli</strong></span> <span class='ocrx_word' id='word_1_156' title='bbox 1043 3433 1171 3498; x_wconf 85' lang='lat' dir='ltr'><strong>nostri.’&#39;</strong></span> <span class='ocrx_word' id='word_1_157' title='bbox 1218 3435 1289 3521; x_wconf 88' lang='lat' dir='ltr'><strong>Ipse</strong></span> 
     </span>
     <span class='ocr_line' id='line_1_23' title="bbox 313 3547 1288 3634; baseline 0.006 -26"><span class='ocrx_word' id='word_1_158' title='bbox 313 3568 384 3611; x_wconf 90' lang='lat' dir='ltr'><strong>vero</strong></span> <span class='ocrx_word' id='word_1_159' title='bbox 409 3547 552 3612; x_wconf 74' lang='lat' dir='ltr'><strong>Primus</strong></span> <span class='ocrx_word' id='word_1_160' title='bbox 573 3548 663 3611; x_wconf 88' lang='lat' dir='ltr'><strong>laude</strong></span> <span class='ocrx_word' id='word_1_161' title='bbox 688 3548 902 3634; x_wconf 86' lang='lat' dir='ltr'><strong>dignissimum</strong></span> <span class='ocrx_word' id='word_1_162' title='bbox 917 3571 984 3616; x_wconf 89' lang='lat' dir='ltr'><strong>eum</strong></span> <span class='ocrx_word' id='word_1_163' title='bbox 998 3572 1063 3613; x_wconf 89' lang='lat' dir='ltr'><strong>esse</strong></span> <span class='ocrx_word' id='word_1_164' title='bbox 1071 3550 1191 3634; x_wconf 84' lang='lat' dir='ltr'><strong>judicat</strong></span> <span class='ocrx_word' id='word_1_165' title='bbox 1203 3548 1288 3614; x_wconf 82' lang='lat' dir='ltr'><strong>Libr.</strong></span> 
     </span>
     <span class='ocr_line' id='line_1_24' title="bbox 312 3659 1289 3746; baseline 0.005 -23"><span class='ocrx_word' id='word_1_166' title='bbox 312 3659 372 3739; x_wconf 91' lang='lat' dir='ltr'><strong>IX,</strong></span> <span class='ocrx_word' id='word_1_167' title='bbox 396 3683 441 3746; x_wconf 88' lang='lat' dir='ltr'><strong>ep.</strong></span> <span class='ocrx_word' id='word_1_168' title='bbox 465 3661 659 3727; x_wconf 85' lang='lat' dir='ltr'><strong>XXXVIII.</strong></span> <span class='ocrx_word' id='word_1_169' title='bbox 706 3663 785 3726; x_wconf 83' lang='lat' dir='ltr'><strong>Sunt</strong></span> <span class='ocrx_word' id='word_1_170' title='bbox 797 3663 851 3746; x_wconf 85' lang='lat' dir='ltr'><strong>qui</strong></span> <span class='ocrx_word' id='word_1_171' title='bbox 871 3663 908 3726; x_wconf 87' lang='lat' dir='ltr'><strong>de</strong></span> <span class='ocrx_word' id='word_1_172' title='bbox 932 3662 1097 3728; x_wconf 81' lang='lat' dir='ltr'><strong>Vinoruro</strong></span> <span class='ocrx_word' id='word_1_173' title='bbox 1120 3663 1289 3728; x_wconf 85' lang='lat' dir='ltr'><strong>Rnrodio-</strong></span> 
     </span>
    </p>
   </div>
   <div class='ocr_carea' id='block_1_7' title="bbox 310 3777 1288 3864">
    <p class='ocr_par' dir='ltr' id='par_1_7' title="bbox 310 3777 1288 3864">
     <span class='ocr_line' id='line_1_25' title="bbox 310 3777 1288 3864; baseline 0.004 -26"><span class='ocrx_word' id='word_1_174' title='bbox 310 3778 377 3839; x_wconf 90' lang='lat' dir='ltr'><strong>tum</strong></span> <span class='ocrx_word' id='word_1_175' title='bbox 397 3799 461 3842; x_wconf 86' lang='lat' dir='ltr'><strong>esse</strong></span> <span class='ocrx_word' id='word_1_176' title='bbox 474 3782 593 3864; x_wconf 84' lang='lat' dir='ltr'><strong>putent,</strong></span> <span class='ocrx_word' id='word_1_177' title='bbox 606 3779 652 3864; x_wconf 62' lang='grc' dir='ltr'><strong>(ἲ)</strong></span> <span class='ocrx_word' id='word_1_178' title='bbox 678 3778 888 3844; x_wconf 80' lang='lat' dir='ltr'><strong>Gunuannus</strong></span> <span class='ocrx_word' id='word_1_179' title='bbox 900 3783 1000 3843; x_wconf 88' lang='lat' dir='ltr'><strong>autem</strong></span> <span class='ocrx_word' id='word_1_180' title='bbox 1012 3781 1043 3842; x_wconf 89' lang='lat' dir='ltr'><strong>et</strong></span> <span class='ocrx_word' id='word_1_181' title='bbox 1056 3777 1288 3842; x_wconf 80' lang='lat' dir='ltr'><strong>Hnrunronrus</strong></span> 
     </span>
    </p>
   </div>
   <div class='ocr_carea' id='block_1_8' title="bbox 305 3959 479 3972">
    <p class='ocr_par' dir='ltr' id='par_1_8' title="bbox 305 3959 479 3972">
     <span class='ocr_line' id='line_1_26' title="bbox 305 3959 479 3972; baseline -0.011 -2"><span class='ocrx_word' id='word_1_182' title='bbox 305 3959 479 3972; x_wconf 58' lang='lat' dir='ltr'><strong>m-</strong></span> 
     </span>
    </p>
   </div>
   <div class='ocr_carea' id='block_1_9' title="bbox 309 4041 1287 4558">
    <p class='ocr_par' dir='ltr' id='par_1_9' title="bbox 309 4041 1287 4374">
     <span class='ocr_line' id='line_1_27' title="bbox 348 4041 1287 4109; baseline -0.002 -18"><span class='ocrx_word' id='word_1_183' title='bbox 348 4043 388 4109; x_wconf 83' lang='lat'><strong>(1)</strong></span> <span class='ocrx_word' id='word_1_184' title='bbox 408 4044 434 4091; x_wconf 88' lang='lat' dir='ltr'><strong>ln</strong></span> <span class='ocrx_word' id='word_1_185' title='bbox 459 4044 575 4106; x_wconf 84' lang='lat' dir='ltr'><strong>plerisque</strong></span> <span class='ocrx_word' id='word_1_186' title='bbox 602 4041 745 4091; x_wconf 83' lang='lat' dir='ltr'><strong>editionibus</strong></span> <span class='ocrx_word' id='word_1_187' title='bbox 761 4042 845 4103; x_wconf 79' lang='lat' dir='ltr'><strong>legitor</strong></span> <span class='ocrx_word' id='word_1_188' title='bbox 861 4057 981 4106; x_wconf 77' lang='lat' dir='ltr'><strong>qaenrqoe3</strong></span> <span class='ocrx_word' id='word_1_189' title='bbox 999 4043 1118 4092; x_wconf 72' lang='lat' dir='ltr'><strong>multorom</strong></span> <span class='ocrx_word' id='word_1_190' title='bbox 1137 4049 1214 4089; x_wconf 85' lang='lat' dir='ltr'><strong>tumen</strong></span> <span class='ocrx_word' id='word_1_191' title='bbox 1232 4055 1287 4089; x_wconf 84' lang='lat' dir='ltr'><strong>seu·</strong></span> 
     </span>
     <span class='ocr_line' id='line_1_28' title="bbox 309 4132 1284 4201; baseline 0.008 -21"><span class='ocrx_word' id='word_1_192' title='bbox 309 4133 407 4184; x_wconf 81' lang='lat' dir='ltr'><strong>tentiam</strong></span> <span class='ocrx_word' id='word_1_193' title='bbox 424 4133 532 4196; x_wconf 79' lang='lat' dir='ltr'><strong>praebere</strong></span> <span class='ocrx_word' id='word_1_194' title='bbox 549 4132 606 4182; x_wconf 88' lang='lat' dir='ltr'><strong>mibi</strong></span> <span class='ocrx_word' id='word_1_195' title='bbox 629 4133 721 4183; x_wconf 77' lang='lat' dir='ltr'><strong>ridetur</strong></span> <span class='ocrx_word' id='word_1_196' title='bbox 736 4148 843 4196; x_wconf 75' lang='lat' dir='ltr'><strong>quaeque,</strong></span> <span class='ocrx_word' id='word_1_197' title='bbox 859 4134 921 4196; x_wconf 88' lang='lat' dir='ltr'><strong>quod</strong></span> <span class='ocrx_word' id='word_1_198' title='bbox 939 4134 1037 4196; x_wconf 76' lang='lat' dir='ltr'><strong>legimus</strong></span> <span class='ocrx_word' id='word_1_199' title='bbox 1064 4138 1086 4186; x_wconf 85' lang='lat' dir='ltr'><strong>iu</strong></span> <span class='ocrx_word' id='word_1_200' title='bbox 1104 4140 1188 4190; x_wconf 83' lang='lat' dir='ltr'><strong>Codice</strong></span> <span class='ocrx_word' id='word_1_201' title='bbox 1197 4135 1233 4201; x_wconf 56' lang='grc' dir='ltr'><strong>ξς.</strong></span> <span class='ocrx_word' id='word_1_202' title='bbox 1257 4138 1284 4188; x_wconf 90' lang='lat' dir='ltr'><strong>In</strong></span> 
     </span>
     <span class='ocr_line' id='line_1_29' title="bbox 309 4220 1285 4300; baseline 0.01 -30"><span class='ocrx_word' id='word_1_203' title='bbox 309 4237 377 4270; x_wconf 86' lang='lat' dir='ltr'><strong>versu</strong></span> <span class='ocrx_word' id='word_1_204' title='bbox 400 4220 501 4270; x_wconf 84' lang='lat' dir='ltr'><strong>secundo</strong></span> <span class='ocrx_word' id='word_1_205' title='bbox 518 4222 596 4284; x_wconf 81' lang='lat' dir='ltr'><strong>potius</strong></span> <span class='ocrx_word' id='word_1_206' title='bbox 617 4221 705 4300; x_wconf 72' lang='lat' dir='ltr'><strong>legatur</strong></span> <span class='ocrx_word' id='word_1_207' title='bbox 722 4235 786 4284; x_wconf 78' lang='lat' dir='ltr'><strong>qoem</strong></span> <span class='ocrx_word' id='word_1_208' title='bbox 804 4236 858 4270; x_wconf 83' lang='lat' dir='ltr'><strong>cum</strong></span> <span class='ocrx_word' id='word_1_209' title='bbox 875 4222 968 4279; x_wconf 78' lang='lat' dir='ltr'><strong>trumo,</strong></span> <span class='ocrx_word' id='word_1_210' title='bbox 984 4224 1119 4284; x_wconf 77' lang='lat' dir='ltr'><strong>Hruuauuo,</strong></span> <span class='ocrx_word' id='word_1_211' title='bbox 1136 4229 1197 4290; x_wconf 80' lang='lat' dir='ltr'><strong>otiis,</strong></span> <span class='ocrx_word' id='word_1_212' title='bbox 1213 4249 1285 4298; x_wconf 83' lang='lat' dir='ltr'><strong>qoam</strong></span> 
     </span>
     <span class='ocr_line' id='line_1_30' title="bbox 309 4311 580 4374; baseline 0.007 -16"><span class='ocrx_word' id='word_1_213' title='bbox 309 4325 362 4360; x_wconf 89' lang='lat' dir='ltr'><strong>cum</strong></span> <span class='ocrx_word' id='word_1_214' title='bbox 381 4311 518 4360; x_wconf 81' lang='lat' dir='ltr'><strong>Harumomo</strong></span> <span class='ocrx_word' id='word_1_215' title='bbox 535 4312 580 4374; x_wconf 77' lang='lat' dir='ltr'><strong>qui.</strong></span> 
     </span>
    </p>

    <p class='ocr_par' dir='ltr' id='par_1_10' title="bbox 309 4399 1284 4558">
     <span class='ocr_line' id='line_1_31' title="bbox 344 4399 1284 4474; baseline 0.01 -25"><span class='ocrx_word' id='word_1_216' title='bbox 344 4399 385 4467; x_wconf 76' lang='lat'><strong>(2)</strong></span> <span class='ocrx_word' id='word_1_217' title='bbox 405 4400 456 4452; x_wconf 87' lang='lat' dir='ltr'><strong>Vid.</strong></span> <span class='ocrx_word' id='word_1_218' title='bbox 470 4401 499 4451; x_wconf 87' lang='lat' dir='ltr'><strong>de</strong></span> <span class='ocrx_word' id='word_1_219' title='bbox 515 4415 542 4450; x_wconf 88' lang='lat' dir='ltr'><strong>eo</strong></span> <span class='ocrx_word' id='word_1_220' title='bbox 568 4400 666 4450; x_wconf 83' lang='lat' dir='ltr'><strong>Tmrrus</strong></span> <span class='ocrx_word' id='word_1_221' title='bbox 691 4401 773 4451; x_wconf 82' lang='lat' dir='ltr'><strong>Aonot.</strong></span> <span class='ocrx_word' id='word_1_222' title='bbox 795 4401 861 4452; x_wconf 80' lang='lat' dir='ltr'><strong>Libr.</strong></span> <span class='ocrx_word' id='word_1_223' title='bbox 886 4401 937 4459; x_wconf 79' lang='lat' dir='ltr'><strong>XV,</strong></span> <span class='ocrx_word' id='word_1_224' title='bbox 954 4417 1006 4467; x_wconf 85' lang='lat' dir='ltr'><strong>cap.</strong></span> <span class='ocrx_word' id='word_1_225' title='bbox 1025 4401 1113 4465; x_wconf 79' lang='grc' dir='ltr'><strong>ΠΙΙΙ,</strong></span> <span class='ocrx_word' id='word_1_226' title='bbox 1132 4410 1154 4457; x_wconf 88' lang='lat' dir='ltr'><strong>in</strong></span> <span class='ocrx_word' id='word_1_227' title='bbox 1174 4410 1284 4474; x_wconf 77' lang='lat' dir='ltr'><strong>Epistolis</strong></span> 
     </span>
     <span class='ocr_line' id='line_1_32' title="bbox 309 4490 1107 4558; baseline -0.001 -18"><span class='ocrx_word' id='word_1_228' title='bbox 309 4490 422 4543; x_wconf 83' lang='lat' dir='ltr'><strong>Pttnianis</strong></span> <span class='ocrx_word' id='word_1_229' title='bbox 439 4500 463 4544; x_wconf 82' lang='lat' dir='ltr'><strong>et</strong></span> <span class='ocrx_word' id='word_1_230' title='bbox 480 4493 541 4558; x_wconf 86' lang='lat' dir='ltr'><strong>apud</strong></span> <span class='ocrx_word' id='word_1_231' title='bbox 559 4493 659 4542; x_wconf 77' lang='lat' dir='ltr'><strong>Drouur.</strong></span> <span class='ocrx_word' id='word_1_232' title='bbox 1105 4529 1107 4531; x_wconf 91' lang='lat'>.</span> 
     </span>
    </p>
   </div>
   <div class='ocr_carea' id='block_1_10' title="bbox 0 0 1604 5525">
    <p class='ocr_par' dir='ltr' id='par_1_11' title="bbox 0 0 1604 5525">
     <span class='ocr_line' id='line_1_33' title="bbox 0 0 1604 5525; baseline 0 1"><span class='ocrx_word' id='word_1_233' title='bbox 0 0 1604 5525; x_wconf 95' lang='lat' dir='ltr'><strong> </strong></span> 
     </span>
    </p>
   </div>
  </div>
 </body>
</html>
