3200 5525
770 659 812 722 39

298 836 439 923 proferre,
473 834 533 901 elic
567 835 660 901 etiam
691 836 828 923 exemplo
860 837 949 903 docet
993 836 1141 905 'Paclrua
1168 835 1276 903 Aeaci

298 950 382 1016 Libr.
395 949 492 1028 XIV,
516 972 580 1036 cap.
605 948 729 1015 XLIH.
753 949 911 1017 Praefecto
935 949 1277 1018 enimurbisPnoanro

296 1064 453 1129 Saccuuo
485 1062 522 1128 ab
558 1084 620 1128 ano
644 1086 661 1128 e
685 1063 753 1130 suis
773 1064 869 1130 servis
888 1064 1000 1144 occiso,
1021 1085 1105 1129 more
1127 1064 1277 1149 majorrun

295 1181 361 1242 tota
374 1177 489 1241 familia
512 1177 551 1241 ad
570 1181 699 1243 mortem
720 1183 786 1245 erat
810 1180 958 1245 ducenda.
1005 1179 1097 1245 Plebs
1119 1182 1219 1245 tamen
1236 1179 1276 1248 ud

296 1292 476 1357 seditionem
499 1314 595 1377 usque
622 1292 765 1360 innoxios
800 1294 945 1372 defendit,
967 1299 999 1359 et
1021 1294 1142 1379 inipso
1166 1298 1277 1362 senatu

295 1406 385 1471 multi
416 1406 540 1471 nimiam
569 1407 780 1493 improbarunt
798 1409 1001 1474 severitatem.
1047 1408 1156 1473 Plures
1174 1412 1275 1475 tamen

296 1521 460 1586 secundnm
481 1544 594 1586 morem
618 1524 765 1607 majorum
791 1525 943 1613 agendum
963 1525 1276 1604 esseoensueruntin

296 1634 407 1718 quibus
429 1634 581 1714 Casurae,
605 1637 659 1720 qui
683 1642 760 1704 tnnc
784 1640 952 1705 orationem
978 1638 1087 1704 babuit
1110 1640 1148 1704 de
1171 1642 1276 1708 servis.

295 1748 335 1811 Iu
355 1749 443 1832 cnjus
467 1750 614 1814 orationis
635 1751 759 1816 exordio
783 1775 890 1818 causas
912 1755 1037 1839 exponit
1052 1776 1180 1818 curncn
1198 1778 1275 1822 sem-

295 1887 349 1951 per
372 1888 405 1929 se
425 1868 601 1951 opposuerit
617 1867 758 1946 decretis,
780 1889 857 1951 quae
875 1868 1275 1955 contrainstitutaetlegea

295 1982 441 2066 majorum
463 2004 530 2047 esse
547 1982 709 2067 judicaret,
733 1983 853 2050 dicens:
879 2004 997 2067 cneque
1010 2007 1077 2049 sum
1090 1984 1275 2064 adversatus,

295 2118 378 2160 anon
409 2096 480 2181 quia
508 2096 677 2163 dubitarem
710 2121 801 2186 snper
825 2099 967 2164 omnibns
999 2100 1132 2187 negotiis
1164 2101 1273 2168 melius

295 2214 406 2294 eatque
441 2211 555 2275 rectius
589 2212 662 2276 olim
685 2214 841 2300 provisum
865 2237 929 2279 esse
953 2220 992 2293 et,
1016 2237 1093 2299 quae
1117 2220 1274 2282 converte·

296 2333 431 2406 crentur,
455 2328 587 2391 deterius
620 2329 742 2407 mutari,
766 2330 819 2393 sed
850 2353 889 2395 ne
913 2330 1008 2395 nimio
1029 2354 1129 2396 amore
1154 2333 1273 2416 antiqui

298 2442 410 2505 umoris
431 2442 567 2506 studium
591 2465 691 2506 meum
709 2444 853 2509 extollere
878 2444 1007 2514 viderer.
1055 2445 1165 2525 Simul,
1187 2446 1274 2530 quic·

300 2558 393 2642 aquid
413 2558 472 2622 hoc
495 2559 529 2621 in
550 2558 639 2622 nobis
664 2558 856 2623 auctoritatis
880 2561 938 2635 est,
962 2557 1075 2624 crebris
1099 2559 1273 2626 contradic·

296 2675 451 2741 rationibus
472 2676 689 2740 destruendum
712 2699 776 2740 non
811 2673 1037 2753 existimabam,
1071 2678 1107 2739 ut
1137 2679 1273 2740 maneret

296 2791 479 2876 aintegrum
491 2791 516 2854 si
529 2791 651 2874 quando
663 2789 835 2874 respublica
846 2789 983 2853 consiliis
995 2786 1157 2876 eguisset.”
1180 2788 1272 2855 Post·

296 2926 385 2990 quarn
411 2903 456 2968 sic
472 2926 581 2991 magna
604 2926 674 2968 cum
700 2901 875 2968 sinceritate
898 2908 930 2968 et
949 2903 1112 2989 prudentia
1122 2904 1269 2970 rationem

295 3041 379 3084 suam
401 3019 551 3105 exposuit,
574 3019 687 3082 transit
710 3018 749 3082 ad
773 3041 905 3097 causam,
926 3040 1004 3103 quae
1027 3021 1149 3084 tuuein
1164 3025 1272 3086 senatu

294 3135 447 3222 agebatur.
494 3135 599 3199 Suasit
635 3140 670 3198 ut
698 3133 886 3220 supplicium
914 3135 1068 3198 sumerent
1101 3132 1140 3196 de
1167 3132 1272 3211 servis,

293 3248 366 3332 quia
400 3247 458 3312 hoc
494 3247 677 3334 reipublicae
707 3247 794 3326 utile,
817 3246 936 3312 civibus
958 3251 1072 3326 tutum,
1094 3246 1133 3310 ad
1156 3251 1271 3313 metum

293 3363 387 3429 servis
421 3363 621 3448 injiciendum
649 3362 852 3427 necessarium
884 3367 971 3427 esset.
1027 3362 1099 3434 Qua
1133 3362 1270 3428 oratione

290 3477 402 3555 effecit,
434 3483 471 3541 ut
504 3477 602 3562 ipsius
639 3477 790 3542 sententia
821 3478 1006 3563 praevaleret
1037 3483 1077 3556 et,
1107 3477 1270 3545 minitante

292 3591 429 3677 quamvis
448 3592 654 3672 multitudine,
673 3593 763 3676 jussu
781 3592 973 3677 imperatoris
993 3592 1072 3659 servi
1083 3592 1123 3656 ad
1142 3615 1268 3679 poenam

291 3707 379 3772 ducti
403 3711 484 3785 sunt,
506 3730 616 3794 magno
638 3707 677 3771 ad
696 3707 759 3773 rim
778 3707 938 3771 arcendam
960 3707 1096 3773 militum
1119 3708 1269 3793 praesidio

291 3821 404 3886 addito.

337 3935 413 3998 Non
443 3934 545 4020 potuit
574 3936 651 4019 quin
686 3933 733 4000 vir
763 3933 819 3997 tali
850 3956 968 3999 morum
991 3933 1160 4012 severitate,
1182 3938 1269 4002 tanta

294 4049 467 4113 constantia
489 4049 656 4136 praeditus,
679 4049 818 4112 Nnnonr
841 4047 958 4112 invisus
977 4047 1162 4125 redderetur,
1184 4071 1270 4134 prae-

294 4163 398 4228 sertim
418 4163 498 4248 quia,
520 4168 556 4226 ut
567 4167 671 4227 narrat
687 4163 842 4241 Tsorrus
866 4161 974 4248 opibus
991 4162 1121 4227 vetustis
1132 4163 1153 4226 i.
1173 4186 1197 4227 e.
1205 4163 1269 4247 jam

295 4302 313 4343 a
337 4277 501 4363 majoribus
525 4277 666 4363 acceptis,
703 4277 906 4362 praecelleret.
954 4276 1059 4348 Quum
1082 4277 1179 4364 igitur
1202 4282 1272 4364 post

295 4414 399 4457 necem
424 4392 596 4457 Porranan
622 4391 838 4477 imperatorin
874 4393 986 4459 multos
1010 4393 1147 4470 saeviret,
1169 4393 1203 4456 in
1222 4391 1271 4456 his
