3200 5525
786 736 827 797 91

316 913 441 998 ponnesi
468 915 708 1002 perfodiendum,
739 916 821 1001 quod
854 914 1014 980 consilium
1045 911 1078 973 in
1110 909 1241 971 mentem
1261 900 1288 966 ei

314 1034 445 1093 venerat.
469 1015 514 1093 In¹
532 1029 641 1094 horum
665 1053 791 1096 numero
815 1030 876 1095 fuit
899 1029 991 1093 etiam
1008 1026 1177 1099 Consano,
1199 1040 1289 1103 quem

314 1146 384 1207 ante
407 1144 440 1207 in
461 1167 571 1231 magno
593 1167 708 1232 semper
728 1144 842 1210 honore
857 1143 999 1209 habuisse
1022 1140 1192 1205 Nnaouau
1213 1132 1289 1197 dicit

313 1254 382 1321 DIO
394 1258 535 1324 (lassws
555 1259 575 1323 l.
587 1260 623 1324 l.:
648 1278 716 1346 „nat
737 1273 770 1329 τὰ
790 1294 822 1330 τε
841 1272 915 1329 ἄλλα
937 1274 985 1325 καὶ
1007 1266 1118 1343 πατέρα
1138 1267 1187 1320 καὶ
1208 1260 1288 1335 adep·

315 1382 417 1461 „yitqc
438 1386 530 1443 αὐτὸν
552 1386 598 1443 dal
615 1384 800 1461 ὀνομάζων”τ
825 1374 973 1438 TACI'PUS
998 1374 1098 1434 autem
1119 1367 1138 1429 l.
1159 1365 1179 1427 l.
1203 1360 1289 1426 addit

313 1484 483 1549 Nnnounu
502 1486 701 1551 fortissimum
714 1488 803 1551 illum
828 1488 933 1551 ducem
956 1483 1104 1548 timuisse.
1128 1480 1287 1543 Consano

312 1598 407 1685 igitur
442 1600 605 1665 arcessitus
633 1601 804 1666 Cenchreas
828 1625 860 1666 se
885 1599 1027 1675 eontulit,
1049 1618 1106 1660 nec
1129 1598 1230 1657 tamen
1254 1590 1288 1651 in

312 1712 467 1777 Nraours
499 1720 694 1800 conspectum
727 1717 877 1780 admissus
912 1719 967 1791 est,
991 1713 1078 1796 cujus
1102 1708 1145 1772 rei
1167 1726 1286 1793 causam

312 1825 379 1891 Dio
415 1828 557 1893 Onssrus
604 1830 652 1894 his
699 1831 799 1896 verbis
835 1830 936 1894 addit:
983 1835 1211 1915 ,uatapptq'om
1235 1830 1289 1907 γὰρ

314 1944 466 2018 Apellea,
489 1947 527 2012 ὥς
548 1969 624 2013 τινες
656 1947 782 2027 λέγουσι,
812 1954 861 2005 καὶ
884 1948 941 2016 οὐχ
968 1943 1120 2017 ὑπέμεινεν
1145 1936 1226 2010 αὐτῷ
1253 1933 1287 1991 τὸ

314 2053 527 2132 „epdomadam
547 2060 619 2130 ἔχων
647 2058 806 2134 dottam?
847 2049 919 2120 Quo
951 2044 1075 2132 cognito
1104 2038 1289 2123 intelligens,

311 2178 371 2241 quo
403 2159 436 2223 in
472 2184 503 2225 se
532 2162 633 2227 animo
665 2169 744 2229 esset
763 2164 936 2250 imperator,
959 2159 1064 2225 addita
1086 2177 1160 2222 voce
1191 2166 1289 2228 ἄξιος,

311 2277 439 2338 mortem
459 2276 517 2340 sibi
531 2278 681 2344 conscivit
696 2278 856 2343 Consano
873 2277 986 2364 gladio,
1008 2295 1106 2358 quem,
1117 2290 1211 2354 quum
1223 2266 1288 2351 ipse

311 2386 435 2453 inermis
459 2396 546 2470 esset,
569 2394 735 2477 aquodam
756 2416 794 2457 ex
817 2393 856 2456 iis
876 2392 928 2476 qui
953 2391 1078 2454 aderaut
1098 2380 1287 2468 surripuerit.

312 2500 392 2566 Tum
428 2503 548 2569 demum
576 2507 729 2571 intellexit
749 2530 781 2571 se
805 2528 919 2571 errasse
935 2509 966 2568 et
981 2502 1062 2587 quod
1086 2496 1219 2586 principi
1244 2494 1288 2557 ci-

311 2612 457 2682 tharoedo
477 2622 660 2706 pepercisset
685 2627 715 2685 et
739 2622 821 2706 quod
846 2620 970 2685 inermis
995 2617 1033 2681 ad
1057 2638 1126 2680 eum
1146 2611 1287 2678 venisset.

357 2804 487 2870 Fuscus
510 2809 565 2872 tali
586 2810 676 2873 modo
699 2811 857 2875 inducitur
877 2812 940 2875 Sat.
964 2811 1023 2887 IV,
1046 2830 1089 2872 vs.
1115 2808 1194 2869 112:

436 2955 477 3016 Et
497 2958 549 3034 qui
570 2957 737 3020 vulturibus
758 2959 898 3020 servabat
918 2960 1033 3018 viscera
1054 2955 1145 3014 Dacis

431 3059 557 3139 Fuscus,
578 3080 741 3122 marmorea
762 3063 922 3123 meditatus
942 3061 1056 3140 proelia
1076 3059 1158 3118 villa.

355 3216 559 3286 Connnuruu
591 3219 739 3299 Fuscum,
775 3222 812 3286 de
845 3245 904 3306 quo
932 3221 952 3284 l.
972 3221 992 3284 l.
1024 3219 1155 3305 eleganti
1188 3216 1287 3279 ironia

311 3335 424 3398 mentio
441 3335 475 3398 fit
500 3339 643 3419 tanquam
673 3337 709 3401 de
735 3337 831 3402 divite
852 3341 989 3402 senatore
1009 3333 1154 3421 temporis
1177 3331 1287 3395 Dour-

310 3467 415 3527 rrnnr,
438 3450 557 3535 saepius
594 3452 685 3515 etiam
705 3453 795 3517 rebus
815 3453 933 3517 bellicis
954 3451 1118 3538 praefuisse
1143 3448 1289 3511 docemur

309 3563 469 3626 aTacrro
500 3569 531 3626 et
562 3565 739 3630 sanmuro.
787 3567 846 3630 Ille
866 3568 946 3630 enim
969 3569 1002 3630 in
1023 3567 1110 3630 Hiat.
1133 3564 1218 3626 rtur.
1241 3559 1289 3636 II,

310 3698 372 3761 cap.
396 3677 573 3742 LXXXV}
597 3680 692 3743 tradit
713 3704 790 3758 eum,
814 3703 874 3765 quo
898 3685 1032 3765 tempore
1045 3680 1231 3741 Vrrncnrus
1255 3681 1286 3740 et

309 3788 543 3856 Vrsrnsrnuus
569 3794 605 3858 de
628 3793 755 3881 imperio
777 3795 1005 3871 contenderent,
1027 3791 1203 3856 Pannoniae
1215 3812 1286 3875 pro-

309 3909 477 3969 curatorem
507 3907 600 3971 fuisse
629 3912 658 3971 et
690 3909 899 3973 Vnsrnsrnur
930 3912 1030 3994 partes
1058 3929 1122 3970 esse
1139 3908 1288 3968 secutum.

308 4016 358 4081 Ex
377 4041 436 4102 quo
460 4019 527 4084 loeo
552 4044 644 4106 quum
677 4026 819 4108 appareat
843 4023 940 4106 qualis
973 4023 1019 4086 vir
1039 4020 1132 4084 fuerit
1147 4019 1289 4096 Fuscus,

308 4133 405 4220 ipsius
434 4134 553 4198 Taorrr
582 4135 673 4200 verba
702 4136 826 4200 addam:
861 4135 942 4200 nSed
971 4137 1150 4221 procurator
1181 4133 1285 4197 aderat

310 4245 524 4310 nConunnrus
558 4247 694 4327 Pascua,
726 4252 831 4332 viperas
856 4258 966 4327 aetate,
1000 4250 1095 4314 elaris
1119 4250 1285 4312 iactatibus.

309 4360 439 4425 aPra'mu
462 4363 597 4445 juventa
632 4366 745 4448 quietis
781 4366 925 4450 cupidine
943 4367 1128 4430 senatoriam
1151 4365 1285 4428 ordinem

310 4483 462 4542 'fecererat
509 4476 596 4540 Idem
632 4499 688 4563 pro
707 4479 826 4544 Germa
852 4481 913 4545 dux
939 4480 1074 4545 coloniae
1099 4499 1170 4542 suae
1190 4497 1285 4557 eaque

663 4744 679 4791 Ι
