3200 5525
807 709 849 768 38

336 905 517 950 nnnnnrurr
549 908 648 972 regem
686 892 870 974 expeterent,
892 891 964 973 quia
988 889 1149 955 abalienati
1170 900 1271 958 essent
1296 919 1314 959 a

335 1021 405 1086 rege
429 1000 585 1065 Gornnzn
610 1005 732 1088 propter
745 1004 809 1088 ejus
822 1004 978 1068 saevitiam
990 1009 1021 1067 et
1033 1005 1148 1070 luxum.
1172 1008 1312 1079 Quorum

333 1112 473 1200 precibus
504 1115 656 1179 exauditis
691 1116 875 1180 (limonium
912 1118 1017 1200 Syriae
1037 1120 1224 1203 praefectum
1244 1124 1312 1206 jus·

335 1229 410 1294 sisse
433 1230 673 1294 Msunnonrnn
691 1231 729 1293 ad
749 1231 846 1316 ripam
866 1230 1032 1316 Euphratis
1054 1232 1171 1299 ducere.
1195 1239 1313 1303 Annul,

335 1344 404 1408 Lib.
432 1344 510 1423 XII,
537 1369 602 1428 cap.
639 1344 695 1406 XI
725 1344 873 1407 Trcrrus
909 1346 1037 1408 eundem
1075 1348 1171 1433 magis
1203 1350 1314 1433 peritia

335 1457 452 1543 legum,
487 1480 578 1541 quam
612 1480 644 1522 re
680 1458 807 1522 militari
837 1458 951 1522 clarum
979 1460 1072 1524 fuisse
1098 1461 1183 1540 dicit,
1206 1486 1314 1547 qnam-

336 1590 427 1654 quam
449 1593 512 1634 non
532 1572 655 1636 dubitat
686 1572 733 1635 his
755 1572 856 1638 verbis
880 1596 948 1637 eum
972 1574 1110 1640 laudare:
1137 1583 1312 1642 laetamen

337 1690 506 1769 aquantum
539 1688 604 1751 sine
636 1686 716 1751 bello
749 1687 898 1765 dabatur,
920 1710 1060 1752 revocare
1092 1690 1224 1775 primum
1247 1714 1313 1755 mo-

338 1821 435 1877 nrem,
458 1801 621 1866 exercitare
650 1803 804 1888 legiones,
835 1824 907 1865 cura
926 1804 1047 1888 provisa
1074 1805 1199 1889 perinde
1224 1828 1313 1891 agere

338 1938 393 1979 trac
418 1916 443 1979 si
468 1916 564 1981 hostis
576 1918 745 2003 ingrueret:
769 1918 814 1981 ita
833 1917 959 2003 dignum
977 1919 1140 2002 majoribus
1154 1921 1216 1983 suis
1230 1921 1312 1985 cet.’'

336 2028 415 2094 Rem
437 2035 539 2094 tamen
572 2031 629 2095 sibi
655 2032 828 2095 mandatam
861 2031 898 2093 sd
923 2031 1038 2094 exitum
1062 2032 1226 2116 perducere
1250 2057 1313 2098 non

337 2144 454 2230 potuit3
478 2144 712 2208 Mnunnonrns
736 2144 817 2207 enim
843 2144 912 2206 dolo
948 2149 979 2207 et
1003 2146 1107 2209 fraude
1132 2152 1238 2231 captus
1259 2148 1314 2211 ad-

337 2257 470 2321 versario
496 2257 646 2321 Gonnum
670 2258 801 2321 traditus
831 2263 884 2321 est.
931 2258 1074 2343 Ejusdem
1098 2260 1203 2343 Syriae
1227 2284 1313 2346 prae-

337 2372 410 2435 fecti
442 2374 625 2436 mentionem
657 2372 731 2435 facit
763 2394 882 2456 quoque
914 2373 1062 2437 Frrnvrns
1091 2374 1259 2439 dossinus
1278 2377 1313 2439 in

337 2486 444 2570 Antiq.
479 2486 551 2549 Jud.
586 2486 656 2553 Lib.
684 2486 757 2564 XX,
792 2490 820 2549 l.
868 2485 972 2557 Quum
997 2486 1114 2565 deinde,
1145 2489 1312 2575 imperante

339 2601 492 2679 Nnnoun,
514 2600 643 2665 Romam
676 2599 804 2664 nuntius
829 2601 939 2665 allatus
971 2607 1058 2681 esset,
1081 2602 1314 2667 Consumsere

338 2718 495 2795 Artaxata,
519 2719 611 2802 caput
629 2715 799 2795 Armeniae,
824 2716 978 2795 delevisse,
1001 2723 1035 2782 ut
1051 2718 1145 2782 tradit
1167 2719 1315 2784 Tncrrns

338 2833 447 2895 Annal
464 2831 549 2896 Libr.
573 2831 660 2894 XIII
672 2853 736 2917 cap.
756 2831 844 2909 XLI,
868 2838 990 2896 senatus
1002 2838 1089 2896 tanto
1100 2834 1212 2920 gaudio
1225 2836 1316 2898 afl'ec-

342 2947 394 3008 tus
414 2949 469 3024 est,
488 2950 524 3010 ut
544 2945 703 3030 quibusvis
722 2945 889 3010 honoribus
906 2947 1076 3010 Nnreousu
1098 2947 1223 3011 donaret
1239 2949 1315 3012 etin

339 3060 408 3124 aliis
440 3061 629 3127 decerneret:
667 3066 722 3124 aut
757 3061 838 3122 inter
862 3061 955 3122 festos
983 3061 1144 3122 referretur
1169 3061 1232 3123 dies
1252 3085 1314 3144 quo

340 3179 479 3260 npatrata
498 3177 635 3253 victoria,
658 3196 718 3257 quo
735 3173 884 3247 nuntiata,
896 3194 957 3254 quo
969 3154 1096 3234 relatum
1110 3173 1147 3234 de
1159 3196 1194 3235 es
1205 3175 1314 3237 esset.”

339 3288 398 3352 Oui
418 3287 461 3350 rei
486 3288 639 3364 Cnssrus,
662 3285 713 3368 qui
737 3288 839 3346 tamen
864 3283 972 3346 ceteris
986 3285 1024 3346 ad
1048 3285 1218 3348 Nnnounn
1232 3287 1314 3351 dela·

338 3402 380 3466 tis
403 3399 570 3464 honoribus
594 3397 823 3475 assentiebatur,
846 3419 878 3460 se
890 3397 1040 3481 opposuit,
1063 3396 1122 3461 hoc
1134 3406 1314 3484 argumento

339 3536 429 3578 usus:
463 3513 508 3576 usi
541 3534 595 3598 pro
618 3510 808 3596 benignitate
830 3511 970 3574 fortunae
995 3510 1041 3574 dis
1065 3517 1166 3598 grates
1189 3536 1315 3600 ageren-

340 3631 420 3707 ntur,
445 3650 483 3691 ne
506 3631 605 3690 totum
618 3625 739 3709 quidem
752 3647 867 3689 annum
879 3626 1151 3711 supplicationibus
1168 3630 1315 3706 suffic-ere,

340 3765 455 3826 neuque
479 3745 616 3828 oportere
648 3739 744 3804 dividi
769 3762 871 3802 sacros
895 3744 926 3803 et
950 3741 1123 3825 negotiosos
1148 3741 1221 3820 dies,
1244 3743 1313 3828 quis

342 3858 467 3924 adivins
492 3857 625 3921 colerent
650 3860 681 3919 et
700 3854 832 3919 humana
855 3877 918 3918 non
937 3855 1149 3940 impedirent.''
1198 3858 1312 3922 Eadem

340 3972 514 4037 constantia
526 3971 609 4036 brevi
622 3975 691 4056 post
711 3993 786 4033 usus
806 3975 861 4049 est,
885 3991 980 4054 quum
1003 3993 1114 4033 munus
1139 3972 1165 4034 ei
1190 3973 1313 4056 injunc-

339 4091 406 4150 tum
430 4091 509 4150 esset
529 4085 686 4149 seditionis
698 4085 937 4149 Puteolanorum
957 4084 1115 4151 sedandae.
1143 4086 1206 4156 Qui
1219 4108 1313 4170 quum

338 4199 464 4264 nimiam
488 4202 553 4286 ejus
566 4200 755 4265 severitatem
766 4199 845 4263 ferre
856 4223 919 4264 non
936 4205 1074 4285 possent,
1095 4199 1193 4286 ipsius
1205 4206 1314 4286 rogatu

339 4315 377 4379 ad
397 4315 598 4380 Scsrsoruos
617 4313 725 4376 fratres
742 4335 776 4376 ea
796 4335 869 4376 cura
888 4313 1036 4377 translata
1060 4318 1114 4376 est.
1162 4314 1312 4377 Cassium

340 4451 454 4516 semper
477 4429 511 4492 in
536 4431 642 4492 senatu
666 4427 789 4490 solitum
806 4427 898 4491 fuisse
918 4427 1011 4493 libere
1032 4427 1212 4492 sententiam
1226 4449 1311 4492 suam
