3200 5525
766 688 808 749 al

294 871 383 953 poeta
405 872 496 952 atque
520 868 601 954 apud
621 867 828 933 Juvrnarnu
854 888 1022 932 sermonem
1039 887 1114 944 esse,
1137 866 1186 928 cui
1210 864 1271 929 lec·

293 980 372 1045 tioni
392 981 543 1047 nonfarit
563 980 718 1061 Kururus,
740 980 1025 1067 quiaaVruurmo
1037 987 1068 1047 et
1080 980 1214 1045 Vauoro
1226 981 1271 1045 ita

293 1094 435 1159 laudetur
454 1095 600 1174 Gonnus,
621 1100 657 1160 ut
670 1095 835 1162 absurdum
860 1095 900 1160 sit
914 1096 1077 1161 Virorum
1089 1094 1198 1161 deinde
1209 1094 1271 1159 tale

293 1209 451 1296 epitheton
475 1210 638 1291 addidisse,
661 1211 744 1295 quod
768 1233 841 1275 sane
865 1210 918 1276 vix
941 1210 1125 1277 conveniens
1150 1209 1271 1276 videtur

293 1328 408 1411 poetae,
419 1326 472 1410 qui
495 1325 590 1391 tantis
602 1325 744 1392 laudibus
755 1324 793 1390 ab
806 1324 981 1410 aequalibus
993 1324 1161 1390 extollitur.
1184 1322 1271 1395 Qua·
1307 1412 1310 1417 ι

292 1445 416 1527 propter
439 1442 585 1506 Sunvrus
605 1463 721 1507 errasse
733 1439 810 1506 mihi
822 1440 945 1505 videtur
964 1445 996 1505 et
1016 1441 1053 1505 de
1066 1440 1127 1506 alio
1139 1438 1271 1525 quodam

291 1560 392 1641 poeta,
426 1556 480 1640 qui
507 1556 681 1622 Juvenum
704 1558 798 1622 fuerit
822 1556 964 1642 aequalis,
989 1556 1186 1645 cogitandum
1205 1576 1271 1620 esse

291 1691 361 1734 eum
383 1670 598 1735 Barrnunrco
622 1672 763 1757 equidem
787 1672 938 1737 existimo.
963 1672 1108 1737 Ceterum
1131 1671 1271 1736 Gonnus

290 1782 341 1848 hic
360 1808 399 1849 an
419 1784 556 1849 Connus
581 1784 728 1850 dicendus
744 1785 794 1864 sit,
817 1786 1071 1871 quemadmodum
1083 1784 1270 1849 Scholiastes

291 1899 329 1964 ad
365 1900 428 1965 Sat.
460 1901 516 1965 III
536 1922 578 1965 rs.
605 1903 682 1979 203,
704 1900 757 1966 ubi
778 1900 889 1965 Coum
908 1901 1049 1987 pauperis
1070 1902 1145 1965 item
1160 1904 1269 1986 poetam

290 2014 399 2079 misera
427 2014 563 2079 conditio
584 2014 770 2102 depingitur,
793 2014 922 2080 eundem
946 2013 1029 2079 huuc
1049 2036 1113 2078 esse
1138 2013 1214 2078 dicit
1233 2034 1270 2077 ac

293 2129 449 2194 Theseidia
472 2134 638 2207 auctorem,
650 2151 756 2216 parum
777 2130 923 2195 interesse
948 2128 1133 2216 puto,modo
1146 2148 1269 2192 nerou-

289 2266 342 2308 eaa
369 2245 484 2309 Codrus
516 2266 585 2308 cum
621 2244 803 2332 Vergiliano
826 2249 857 2309 et
881 2242 1034 2331 Valgiano
1055 2242 1269 2309 confundatur.

290 2357 522 2423 Hurnnrcurus
547 2348 746 2424 autemdicit
765 2381 830 2424 esse
854 2381 964 2423 nomen
988 2370 1106 2427 θειικὸν
1138 2362 1170 2421 et
1192 2356 1270 2444 legit

289 2470 444 2548 Coranum,
475 2473 547 2557 quia
579 2473 605 2537 si
633 2471 781 2536 Coranum
802 2473 973 2558 scripsisset
988 2471 1011 2535 J
1014 2490 1190 2549 uranius,
1212 2490 1269 2534 no·

288 2583 360 2650 bilis
378 2586 489 2671 aliquis
508 2587 643 2671 ejusdem
663 2586 796 2650 nominis
807 2586 862 2650 illa
873 2590 971 2651 aetate
982 2585 1088 2650 vivens
1108 2583 1167 2650 hoe
1178 2606 1268 2671 aegre

288 2699 366 2764 ferre
391 2702 550 2786 potuisset.
596 2702 640 2766 At
664 2700 742 2766 solet
764 2700 957 2766 Juvunrms
976 2699 1082 2765 multis
1105 2698 1264 2787 locisdig·

288 2834 345 2877 nos
359 2813 412 2896 qui
433 2818 597 2899 carpantur
620 2809 769 2897 aequales,
791 2814 909 2878 nobiles
928 2815 1030 2894 etiam,
1051 2837 1123 2879 vero
1142 2815 1265 2880 nomine

287 2929 402 2990 notare.
425 2926 534 2992 Coum
558 2931 660 2991 autem
683 2926 827 2992 vixerunt
839 2926 929 2991 multi
952 2927 1168 3012 imperatorum
1187 2933 1265 2992 tem-

286 3039 421 3127 poribus,
443 3039 476 3104 iu
495 3040 535 3104 iis
555 3040 691 3105 Gonnus
708 3041 916 3118 Onunurrus,
935 3039 1107 3118 historicus,
1118 3041 1264 3106 (lansius

287 3155 433 3233 Coruus,
468 3155 593 3220 Jourus
628 3155 775 3235 Connus,
808 3177 886 3241 quos
922 3155 1071 3220 Tacrrus
1105 3159 1263 3221 memorat.

285 3269 379 3356 Apud
395 3269 605 3335 Mnurmnun
625 3293 744 3356 quoque
769 3271 880 3336 (loram
903 3276 934 3336 et
954 3271 1064 3335 Oounr
1076 3293 1185 3335 romeu
1198 3293 1264 3337 sae·

285 3384 355 3470 pius
367 3384 493 3472 legitu13
517 3384 612 3450 Libro
625 3385 665 3463 V,
685 3409 731 3473 ep.
757 3385 879 3451 XXIII
903 3410 945 3452 vs.
960 3391 989 3452 7.
1010 3390 1111 3452 autem
1130 3386 1261 3472 aliquem

284 3503 374 3564 vocat
393 3521 489 3563 meum
516 3500 652 3579 Cordum,
675 3499 786 3584 quibus
812 3501 912 3566 vorbis
934 3524 1096 3589 pauperem
1107 3503 1262 3587 aequalem

284 3613 432 3701 designat.

328 3842 532 3921 Cuuvruuus,
554 3843 660 3922 malus,
682 3848 719 3908 ut
730 3843 861 3922 videtur,
882 3847 983 3929 poeta,
1004 3844 1068 3908 Sat.
1091 3845 1119 3919 Ι,
1141 3867 1186 3912 rs.
1214 3848 1256 3909 80

282 3954 338 4019 tali
357 3955 448 4020 modo
466 3960 599 4022 notatur:

364 4134 399 4197 Si
419 4140 527 4197 natura
540 4143 641 4218 negat,
661 4137 734 4200 facit
758 4138 925 4215 indignatio
944 4157 1063 4200 versum

364 4241 598 4319 qualemcunque
615 4247 722 4322 potest,
744 4243 848 4320 quales
869 4261 925 4320 ego
941 4245 991 4307 vel
1011 4243 1182 4308 Cluuienus.

285 4435 370 4520 cujus
390 4456 540 4518 nusquam
561 4434 643 4515 alibi,
665 4441 814 4521 quantum
838 4437 911 4517 scio,
934 4459 1045 4504 nomen
1068 4442 1260 4505 memoratur.
