3200 5525
797 732 866 797 168

340 914 436 983 nobili
468 920 499 982 et
534 915 703 1003 Hispaniae
729 918 889 1003 praefecto,
909 916 1000 981 vinda
1023 920 1163 981 revocato
1183 914 1320 980 Messe*

339 1052 441 1096 nrnnn
478 1037 603 1096 matrem
635 1054 758 1096 uxorem
782 1031 875 1096 'dedit
907 1031 1083 1095 Cnuuruus
1119 1034 1150 1094 et
1185 1030 1317 1093 familia-

336 1146 411 1211 riter
428 1170 463 1212 eo
486 1147 636 1213 utebatur.
660 1150 703 1211 At
715 1170 808 1231 quum
825 1147 908 1212 brevi
920 1152 994 1232 post
1018 1145 1198 1210 libidinosae
1222 1144 1315 1209 Mus-

337 1282 480 1327 surunnn
509 1262 705 1327 concubitum
737 1267 918 1339 recusasset,
934 1260 1023 1353 ¹haee
1054 1265 1086 1325 et
1121 1260 1315 1323 Nuncrssus

268 1420 270 1425 ·
336 1398 403 1441 eum
433 1377 556 1463 perdere
591 1382 774 1444 statuerunt.
823 1376 929 1447 Quum
952 1381 1053 1440 tamen
1082 1396 1144 1437 non
1167 1372 1315 1437 habereut

335 1492 416 1575 quod
432 1492 552 1557 crimini
577 1492 604 1556 ei
630 1493 745 1569 darent,
769 1492 894 1556 credulo
919 1492 1073 1555 Geuuuro
1097 1492 1313 1575 persuaserunt

334 1627 366 1669 se
385 1585 497 1670 vidisse
516 1606 550 1669 iu
570 1606 688 1670 somnio
708 1607 842 1670 Armuu
866 1606 1023 1669 Situnuu
1044 1605 1149 1667 vimei,
1166 1625 1230 1667 esse
1243 1602 1314 1666 illa-

333 1724 445 1784 turum.
470 1720 527 1783 Cui
545 1724 715 1783 commento
732 1740 824 1804 quum
845 1719 1030 1781 Cunuoruu
1054 1740 1157 1782 aurem
1169 1719 1312 1802 praebere

332 1836 548 1922 intelligerent,
572 1837 729 1899 διανοεῖται
752 1836 784 1899 in
806 1840 960 1920 posterum
981 1834 1060 1898 diem
1085 1834 1163 1897 clam
1183 1832 1312 1897 arcessi-

332 1956 450 2029 verunt,
474 1952 526 2035 qui
538 1972 632 2036 quum
652 1950 794 2026 venisset,
807 1973 824 2012 a
836 1949 991 2013 Oruuuro
1003 1954 1111 2034 sponte
1123 1972 1192 2013 eum
1204 1947 1309 2011 adesse

332 2065 524 2129 existimante
544 2071 579 2129 ut
603 2066 665 2129 vim
686 2064 744 2128 sibi
768 2064 903 2141 inferret,
938 2063 1048 2149 capitis
1069 2062 1228 2127 damnatus
1252 2068 1310 2127 est.

332 2180 520 2244 Sunuoruus
540 2179 560 2244 l.
584 2180 603 2243 l.
628 2202 692 2265 cap.
717 2178 884 2243 XXXVII
907 2179 1008 2242 addit:
1047 2179 1138 2243 nNec
1156 2177 1309 2242 dubitavit

333 2298 474 2379 apostero
499 2293 548 2358 die
572 2294 747 2357 Onuuorus
771 2294 910 2357 ordinem
929 2294 972 2357 rei
996 2299 1099 2380 gestae
1119 2294 1229 2357 referre
1252 2294 1308 2357 ad·

333 2412 500 2486 asenatum,
523 2429 557 2472 ao
576 2408 688 2473 liberto
709 2408 825 2495 gratias
845 2430 942 2495 agero,
965 2410 1047 2493 quod
1059 2431 1114 2495 pro
1138 2410 1235 2472 salute
1252 2430 1308 2472 sua

332 2523 442 2587 tsetiam
465 2524 617 2588 dormiens
653 2519 845 2587 excubaret.”

377 2637 540 2722 Quumque
567 2660 630 2703 non
657 2640 701 2701 ita
721 2638 818 2701 multo
850 2642 920 2723 post
942 2640 1077 2703 Annius
1097 2638 1307 2701 Vrnrcmnus

329 2756 360 2816 et
393 2752 524 2817 Fuluus
545 2753 720 2817 Ouurnuus
752 2752 1015 2831 Sonreoruunus,
1039 2752 1247 2838 conjuratione
1271 2751 1306 2816 in

329 2867 514 2932 Ouuunruu
537 2869 687 2954 patefacta
699 2872 729 2932 et
748 2868 903 2945 frustrata,
925 2891 1033 2932 manus
1046 2868 1105 2932 sibi
1118 2868 1307 2942 intulissent,

327 2979 528 3046 Mnssuruuu
542 2987 572 3047 et
583 2982 686 3047 liberti
704 3004 809 3046 omnes
822 2983 960 3068 persequi
977 2987 1151 3068 coeperunt,
1162 3005 1238 3067 quos
1250 2986 1305 3045 eut

240 3174 250 3189 Δ,
327 3084 418 3183 hujus
439 3097 657 3182 conjurationis
682 3097 818 3161 conscios
845 3096 999 3176 haberent,
1022 3099 1125 3162 autin
1148 3105 1304 3183 posterum

202 3298 204 3303 y
247 3260 267 3274 .-
328 3211 513 3297 periculosos
533 3211 591 3276 sibi
622 3213 686 3276 fore
705 3211 894 3295 judicarent3
918 3212 999 3295 quod
1031 3234 1122 3296 quam
1146 3211 1305 3275 vilissimis

265 3310 276 3408 ³3
328 3322 427 3391 modis
444 3326 621 3412 perficerent
633 3349 689 3390 nos
702 3326 790 3390 docet
802 3326 870 3390 Dro
884 3324 1027 3392 Cnssrus
1051 3327 1135 3392 Libr.
1147 3325 1217 3403 LX,
1233 3349 1302 3414 pag.

232 3543 236 3549 1
329 3453 394 3514 695
417 3450 462 3513 A:
488 3466 557 3536 ,τῆς
588 3463 641 3539 γὰρ
670 3461 802 3536 ἀφορμῆς
832 3465 939 3533 ταύτης
959 3460 1196 3540 ἧγεΜεσσαλὶνα
1217 3464 1303 3520 καὶὸ

328 3576 523 3650 ,Νάρκισσος
555 3575 623 3630 ὅσοι
652 3595 682 3629 τε
711 3575 976 3652 συιεξελελεύθεροι
1009 3577 1114 3646 αὐτοῦ,
1137 3576 1303 3650 λαβόμενοι,

328 3679 433 3757 ,οὐδέν
457 3657 505 3741 dte
523 3685 578 3741 τῶν
604 3683 777 3741 δεινοτάτων
806 3687 860 3742 οὖν
877 3687 1026 3758 ἐποίησαν.
1050 3689 1084 3743 τὰ
1108 3708 1137 3744 τε
1158 3689 1212 3765 γάρ
1228 3686 1302 3742 dua

327 3801 395 3870 „nal
412 3805 473 3862 τοῖς
489 3796 610 3860 δούλοις
631 3807 692 3860 τοῖς
712 3818 742 3853 τε
763 3796 976 3873 ἀπελευθέροις,
996 3809 1137 3871 μηνυταῖς
1159 3800 1231 3856 κατὰ
1244 3801 1301 3854 τῶν

327 3908 495 3980 ,δεσποτῶν
523 3906 621 3964 αὐτῶν
648 3909 784 3984 ἐχρῶντο.
819 3911 941 3972 τούτους
974 3928 1005 3964 τε
1036 3913 1089 3964 καὶ
1115 3909 1230 3987 ἑτέρους
1251 3913 1301 3964 καὶ

326 4021 419 4091 ,πάνυ
446 4018 583 4096 εὐγενεῖς,
613 4018 669 4087 οἰχ
698 4021 745 4075 ὅτι
773 4017 882 4085 ξένους,
909 4019 983 4074 ἀλλὰ
1012 4025 1060 4091 goti
1091 4024 1222 4085 πολίτας,
1242 4023 1302 4091 οὐχ

326 4135 393 4204 ,ὅτι
426 4132 560 4205 δημότας,
594 4129 667 4185 ἄλλα
694 4131 743 4182 καὶ
764 4129 796 4184 έν
816 4130 873 4184 τῶν
894 4130 1003 4186 ἱππέων
1022 4133 1077 4188 τῶν
1093 4154 1123 4189 τε
1139 4133 1302 4205 βουλευτῶν

326 4252 426 4324 ,τινὰς
457 4242 658 4325 ὲβασάιιζοι.”
694 4235 788 4300 Pauci
806 4241 925 4302 tantum
942 4240 1042 4325 gratia
1060 4239 1299 4307 Mussumuuu

324 4357 355 4417 et
374 4350 551 4415 libertorum
572 4353 625 4414 eut
648 4372 788 4437 magnam
814 4353 959 4438 pecuniae
982 4376 1130 4418 summam
1154 4355 1300 4420 solvendo

325 4466 400 4531 salvi
412 4469 580 4542 evaserunt,
600 4485 693 4548 quum
709 4465 845 4552 plerique
857 4489 959 4531 eorum
981 4467 1205 4537 damnarentur.
1229 4472 1298 4532 acto
