3200 5525
780 709 821 768 60

312 900 367 966 pro
390 886 497 967 quovis
517 886 583 951 viro
608 886 707 966 docto,
730 887 782 950 alii
807 886 898 951 etiam
914 885 1065 973 plebejum
1078 884 1289 949 citharoedum

312 998 365 1058 aut
393 1001 570 1085 tragoedum
587 1000 821 1088 intelligendum
844 1023 909 1066 esse
932 1000 1116 1065 existimant.
1163 997 1291 1063 Scholia

310 1112 412 1174 vetera
423 1112 686 1184 Qururnnrnuu
699 1115 915 1179 scholasticum
926 1119 958 1179 et
969 1119 1118 1178 oratorem
1130 1113 1289 1201 egregium

310 1219 558 1311 interpretantur.
605 1230 667 1295 sat.
692 1230 750 1308 VI,
784 1228 1289 1316 vs.75Qu1ur1n1Auusoppo-

311 1335 396 1402 nitur
428 1343 596 1421 comoedis,
618 1343 789 1430 tragoedis,
812 1343 881 1407 aliis
903 1342 1076 1408 istiusmodi
1096 1340 1289 1420 homiuibus,

307 1451 361 1534 qui
381 1452 418 1519 ab
430 1454 592 1542 impudicis
604 1457 781 1522 mulieribus
794 1462 942 1523 amantur.
962 1458 1025 1523 sat.
1047 1457 1126 1535 VH,
1148 1481 1193 1523 vs.
1217 1461 1284 1523 186

312 1586 375 1649 sqq.
395 1566 540 1655 legimus:

388 1716 451 1776 Hos
472 1718 550 1780 inter
570 1724 704 1798 sumptus
721 1721 860 1782 sestertia
880 1719 1067 1795 Quintiliano

391 1824 425 1881 ot
444 1823 577 1901 multum,
599 1821 657 1884 dno
678 1824 839 1884 sufficiunt:
861 1841 909 1885 res
928 1824 1012 1884 nulla
1031 1823 1153 1883 minoris

391 1924 538 1989 constabit
557 1929 645 2008 patri,
666 1945 755 2005 quam
775 1927 856 1989 filius
877 1933 933 1989 cet

359 2090 507 2158 Versibus
527 2097 777 2181 praecedentibus
803 2097 995 2162 Juvrusnrs
1007 2095 1142 2160 ostendit
1154 2099 1287 2180 quantos

313 2212 451 2292 sumptus
470 2209 585 2274 faciant
605 2212 715 2276 divites
738 2212 772 2275 in
792 2211 918 2290 balneis,
936 2209 1114 2297 porticibus,
1125 2209 1192 2275 aliis
1205 2210 1289 2295 ejus-

311 2320 394 2384 modi
425 2322 571 2389 aedificiis
601 2327 801 2405 exstruendis,
831 2332 863 2391 et
897 2324 1005 2411 quanti
1033 2330 1135 2390 emant
1169 2324 1288 2389 condu-

313 2439 421 2500 cantve
456 2460 557 2503 servos
588 2441 686 2527 epulis
718 2440 897 2506 condiendis
920 2440 1054 2504 idoneos.
1100 2439 1162 2503 His
1184 2442 1287 2503 autem

312 2551 449 2617 versibus
470 2554 558 2620 docet
579 2556 688 2621 divites
713 2557 773 2620 duo
794 2556 847 2619 vix
871 2554 1009 2619 sestertia
1032 2554 1071 2617 iis
1084 2552 1287 2637 dare,quibus

312 2665 392 2730 filios
416 2668 588 2734 educendos
611 2670 803 2736 tradiderint.
849 2669 920 2733 Hoc
943 2669 1011 2733 loco
1035 2672 1136 2732 autem
1160 2690 1222 2731 non
1247 2666 1286 2731 de

312 2785 457 2871 tragoedo
478 2786 541 2850 sive
565 2787 708 2851 comoedo
728 2808 895 2850 sermonem
915 2807 989 2864 esse,
1011 2789 1048 2848 ut
1066 2784 1208 2848 nonnulli
1228 2805 1287 2870 pu-

310 2901 387 2977 tant,
418 2900 526 2964 confici
546 2923 634 2986 posse
657 2900 732 2965 mihi
756 2901 878 2967 videtur
901 2923 917 2964 e
941 2923 985 2966 vs.
1005 2901 1081 2976 176,
1099 2899 1152 2963 ubi
1172 2897 1286 2963 Curr-

311 3035 459 3079 sooouus
490 3020 521 3079 et
552 3015 678 3080 Ponrro
706 3038 816 3102 magna
838 3013 976 3079 mercede
999 3012 1151 3075 lautorum
1174 3033 1285 3096 pueros

312 3128 419 3194 dooere
455 3129 607 3219 dicuutur.
655 3129 710 3192 Vs.
741 3130 838 3215 igitur
871 3132 936 3191 186
974 3147 1017 3208 sq.
1041 3125 1107 3188 sine
1131 3124 1223 3186 dubio
1247 3126 1286 3190 de

309 3241 430 3306 rhetore
457 3243 505 3306 vel
537 3242 574 3305 de
597 3243 795 3326 grammatico
831 3241 896 3326 egit
915 3242 1015 3323 pocta
1061 3236 1285 3321 Inquirendum

309 3359 411 3418 tamen
434 3360 489 3432 est,
512 3360 613 3417 utrum
638 3353 893 3424 Qururrnmuus
908 3353 961 3417 ille
977 3349 1232 3438 Calagurritanus
1244 3376 1284 3418 au

311 3468 388 3533 alius
412 3468 631 3554 intelligendus
655 3468 704 3531 sit.
749 3468 896 3556 Legimus
920 3474 1020 3534 autem
1044 3492 1088 3533 vs.
1109 3472 1175 3532 188
1200 3491 1245 3554 sq.

430 3692 590 3711 ......
611 3649 699 3710 Unde
721 3650 813 3726 igitur
833 3657 879 3713 tot

388 3752 590 3829 Quintilianus
606 3753 698 3815 habet
718 3753 839 3814 saltus?

309 3925 391 3991 unde
423 3930 546 4013 apparet
567 3924 692 3990 divitem
713 3948 782 3990 eum
801 3926 905 3990 fuisse.
951 3926 1216 3999 Qururrursuuu
1235 3930 1283 3990 ta-

308 4064 388 4119 men,
422 4041 508 4126 cujus
539 4041 723 4105 mentionem
747 4040 822 4104 facit
842 4040 984 4106 Pururus
1007 4044 1064 4128 (1),
1087 4040 1216 4105 modicis
1236 4039 1283 4104 vi·

308 4154 397 4220 detur
419 4155 513 4220 fuisse
532 4154 737 4220 facultatibus.
761 4151 901 4241 Utroque
921 4156 989 4221 looo
1012 4156 1110 4244 igitur
1127 4155 1164 4220 de
1177 4154 1282 4218 eodem

306 4267 540 4342 Qururrrrruo
563 4270 613 4358 agi
636 4270 689 4336 vix
707 4273 824 4356 potest:
847 4270 880 4334 iu
904 4272 1033 4358 epistola
1056 4276 1157 4336 autem
1182 4267 1281 4334 Plini·

307 4422 556 4536 Rha-mm
574 4465 731 4529 Epistularum
739 4467 803 4517 libr.
821 4464 866 4524 v1,
882 4481 921 4531 ep.
939 4465 1030 4516 xxxii.
