3200 5525
788 710 830 768 30

320 895 463 960 Triennio
481 893 515 956 in
538 912 619 955 mare
655 889 886 975 praecipitatum
909 886 1011 951 fuisse.
1042 887 1208 966 inerms,
1240 890 1296 973 qui

319 1008 501 1075 accuratius·
515 1029 577 1072 rem
601 1005 735 1091 exponit,
758 1005 993 1069 Tunnsrnuuu
1017 1002 1187 1088 periculum
1219 1005 1296 1068 effu·

318 1127 399 1213 gisse
427 1124 530 1202 tradit,
553 1123 624 1209 quia
643 1125 808 1187 mortema
831 1120 978 1184 Transsro
1003 1117 1062 1182 sibi
1085 1117 1295 1183 imminentem

318 1239 514 1327 praeviderit,
537 1259 597 1323 qua
620 1258 653 1300 re
677 1237 861 1299 commotum
873 1230 1191 1316 Trcnnruirejusarti
1203 1231 1295 1296 fidem

316 1354 467 1432 habuisse,
490 1352 732 1416 incolumitatem
755 1349 783 1414 ei
806 1346 990 1433 promisisse,
1013 1347 1087 1431 quin
1110 1346 1295 1412 etiamiuter

316 1470 479 1534 familiares
502 1490 571 1533 eum
594 1465 743 1531 habuisse.
791 1462 896 1533 Quum
918 1465 1023 1548 postea
1052 1460 1215 1548 imperator
1234 1461 1295 1525 iste

317 1582 442 1669 Capreis
477 1583 510 1645 in
546 1581 660 1645 multos
690 1577 835 1654 saeviret,
866 1576 1099 1639 Tunissnnuu
1123 1575 1151 1639 ei
1175 1574 1294 1653 adfuit,

316 1697 488 1783 quiquam
518 1696 582 1779 jam
619 1694 783 1757 Traunrus
808 1693 986 1776 aegrotaret,
1009 1688 1179 1775 longiorem
1198 1688 1293 1753 vitam

315 1808 512 1875 vaticinando
534 1807 753 1872 nonnullorum
777 1803 961 1890 supplicium
983 1802 1113 1880 distulit,
1136 1807 1172 1867 ut
1187 1807 1293 1869 nouat

314 1924 505 1988 Sunnonrus
528 1922 548 1985 l.
560 1923 580 1985 l.
593 1943 657 2006 cap.
668 1920 775 1985 LXII.
797 1920 839 1983 In
850 1918 984 2004 ejusdem
1008 1919 1072 1983 vita
1084 1918 1291 1997 (tunicum,

314 2061 381 2124 cap.
402 2037 487 2101 XIX
510 2040 692 2100 memoratur
711 2035 826 2098 dietum
843 2034 1038 2099 Tranasrnm
1059 2034 1095 2098 de
1120 2056 1292 2100 successore

314 2154 452 2217 Trnunrr
479 2151 527 2214 his
556 2150 670 2215 verbis:
696 2151 791 2214 aNon
815 2148 912 2235 magis
935 2148 1053 2215 Orsum
1074 2150 1291 2236 imperaturum

315 2287 425 2349 nquam
450 2286 503 2350 per
526 2262 676 2348 Bajanum
701 2263 801 2327 sinum
826 2263 911 2348 equis
936 2263 1175 2330 discursurum.”
1198 2265 1292 2338 Quod

312 2379 493 2447 vaticinium
529 2401 546 2443 a
571 2378 659 2445 Caro
686 2378 863 2443 Garsauria
894 2379 939 2444 ita
970 2380 1104 2445 solutum
1123 2385 1178 2461 est,
1200 2384 1237 2445 ut
1259 2384 1291 2445 et

311 2498 476 2585 imperator
497 2497 537 2561 sit
552 2497 651 2561 factus
671 2500 702 2559 et
725 2495 759 2558 in
783 2517 818 2559 eo
842 2494 912 2559 sinu
928 2501 1051 2582 pontem
1074 2496 1190 2561 fecerit.

360 2612 557 2677 Tranassem
581 2615 734 2696 praeterea
750 2611 936 2677 mentionem
952 2612 1027 2678 facit
1051 2612 1118 2677 Dio
1130 2612 1216 2680 Libr.
1229 2610 1290 2677 LV

312 2750 380 2815 pag.
406 2731 470 2792 555
486 2748 529 2812 sq.
540 2725 622 2791 idem
644 2726 706 2791 fene
729 2746 856 2792 narrans
881 2728 918 2794 de
947 2729 1084 2797 Trcunrr
1108 2728 1236 2795 consilio
1255 2728 1290 2793 in

311 2842 413 2907 insula
421 2841 531 2906 Rhodo
544 2864 613 2906 eum
624 2839 839 2923 interficiendi,
850 2843 940 2932 hujus
953 2845 996 2911 rei
1010 2868 1131 2911 causam
1156 2845 1289 2911 addens:

312 2968 413 3040 ἐπειδή
429 2970 516 3043 μόνος
536 2968 617 3044 αὐτῷ
637 2967 721 3026 πάνθ’
744 2971 801 3026 ὅσα
822 2971 930 3028 ἐνενόει
958 2974 1084 3046 συνῄδει.
1107 2962 1195 3026 Idem
1207 2983 1290 3026 com·

311 3075 466 3150 memorat,
499 3071 581 3157 quod
615 3071 688 3135 item
720 3071 801 3156 apud
825 3074 1025 3137 Sunrorrrurr
1059 3074 1198 3159 legimus,
1220 3097 1289 3141 eum

312 3187 456 3251 Trsunro
479 3186 674 3271 praedixisse,
696 3205 768 3249 mox
785 3183 869 3249 hunc
887 3184 998 3248 Rhodo
1018 3187 1146 3252 Romam
1165 3209 1288 3253 revoca·

311 3306 378 3364 tum
409 3300 465 3376 iri3
502 3299 580 3362 illud
600 3301 701 3360 autem
717 3297 825 3360 fecisse
849 3321 943 3382 quum
966 3301 1053 3364 navis
1072 3303 1136 3387 jam
1160 3303 1194 3366 in
1214 3325 1288 3370 con·

311 3417 417 3502 spectu
444 3416 534 3490 esset,
568 3433 627 3496 quo
662 3409 830 3490 veheretur,
866 3415 918 3500 qui
955 3415 1072 3481 reditus
1099 3419 1243 3485 nuntium
1259 3421 1287 3487 ei

310 3534 390 3593 esset
411 3528 566 3592 allaturus.
590 3524 677 3590 Idem
701 3523 786 3588 Libr.
812 3527 929 3595 Lvffl
952 3532 1008 3598 sub
1025 3533 1077 3598 fin.
1090 3533 1127 3598 de
1139 3536 1204 3621 ejus
1218 3558 1287 3601 cum

310 3645 454 3709 Trannro
474 3639 692 3708 consuetudine
712 3640 745 3704 in
757 3639 862 3709 insula
874 3646 998 3733 Capreis
1018 3647 1098 3712 idem
1110 3649 1171 3714 fere
1184 3654 1287 3715 narrat

309 3763 392 3847 quod
411 3763 609 3838 Sunronrus,
633 3758 777 3845 additque
801 3759 1037 3826 Tanusiorum
1057 3766 1210 3828 mortuum
1221 3786 1286 3829 esse

309 3882 347 3947 A.
373 3880 414 3944 U.
436 3880 513 3955 790,
535 3875 710 3940 Trnnnruu
726 3880 828 3940 autem
856 3898 936 3940 anno
956 3877 1139 3964 insequenti,
1160 3879 1286 3946 medicis

308 4018 370 4059 non
403 3991 560 4070 consultis,
595 3991 666 4077 quia
699 3992 788 4057 fidem
827 3990 951 4057 haberet
971 3993 1055 4058 illius
1075 3994 1287 4080 praedictioni,

308 4109 411 4172 decem
447 4106 546 4172 adhuc
581 4129 677 4170 annos
709 4129 740 4171 se
774 4106 928 4172 victurum
960 4131 1033 4174 esse.
1087 4109 1285 4174 Tunnsrnnr

307 4223 388 4288 filius
400 4225 583 4288 memoratur
596 4245 614 4285 a
626 4221 753 4286 Tremo
766 4224 881 4289 Anaol.
893 4222 977 4288 Libr.
986 4224 1045 4303 VI,
1056 4246 1120 4311 cap.
1132 4221 1285 4289 XXVHI

308 4339 445 4427 (XXII),
468 4340 521 4424 qui
539 4339 636 4404 fertur
648 4338 805 4403 Naroma
817 4337 979 4426 imperium
990 4339 1184 4427 praedixisse.
1206 4337 1284 4404 Pur-

306 4476 386 4520 nrus
404 4478 522 4542 quoque
543 4454 577 4519 in
598 4454 684 4520 Hiar.
698 4455 775 4520 Nar.
788 4458 895 4539 quater
919 4455 1152 4520 Tunnsmmurr
1171 4453 1284 4530 laudat,
