3200 5525
775 750 818 811 81

358 929 419 996 His
451 931 550 996 verbis
576 928 804 993 Dourrruuuu
823 928 989 1013 alloquitur
1013 928 1200 996 Funarcrus
1222 930 1287 997 Vn·

307 1068 422 1125 roure,
456 1067 549 1130 quum
587 1048 710 1108 senatus
736 1042 906 1121 haberetur,
940 1044 993 1129 qui
1026 1044 1064 1109 de
1087 1044 1214 1111 rhombo
1238 1068 1290 1111 oo·

307 1161 431 1245 quondo
457 1160 638 1224 decerneret.
685 1157 818 1244 Captum
839 1157 923 1222 enim
946 1158 1069 1243 piscem,
1091 1182 1179 1243 quem
1201 1165 1291 1225 vocat

308 1276 504 1360 perepripam
527 1275 653 1349 belcam,
677 1293 765 1336 omen
783 1294 850 1337 esse
862 1272 938 1336 dicit
960 1272 1063 1359 magni
1076 1272 1233 1360 triumphi,
1256 1296 1291 1339 ao

310 1388 490 1474 portendere
524 1387 588 1451 fore
616 1390 651 1450 ut
686 1408 739 1451 rex
773 1386 887 1472 aliquis
908 1387 1048 1474 capietur
1070 1393 1126 1453 aut
1149 1388 1291 1476 princeps

308 1503 433 1587 quidam
464 1501 633 1565 Britannus
666 1501 807 1564 vincatur
827 1504 861 1565 et
881 1522 976 1588 regno
999 1502 1122 1586 vitaque
1146 1503 1291 1589 privetur.

311 1620 512 1683 Anvraaous
535 1617 631 1703 igitur
660 1614 854 1680 Dorrrrrrur
877 1621 975 1682 aetate
999 1639 1053 1682 rex
1077 1618 1126 1684 vel
1148 1619 1291 1706 princeps

309 1732 487 1797 Britanniae
518 1730 611 1794 fuisse
645 1729 776 1806 videtur,
812 1730 849 1794 de
884 1752 945 1815 quo
964 1736 1065 1796 tamen
1089 1755 1187 1816 neque
1210 1735 1291 1820 apud

309 1846 486 1923 uremur,
509 1866 608 1929 neque
630 1843 712 1929 apud
731 1844 940 1923 Surrorrruu,
962 1868 1020 1910 neo
1043 1847 1123 1931 apud
1156 1847 1251 1912 ullum
1272 1871 1292 1913 e

312 1959 462 2023 Romanis
481 1958 645 2023 Graecisve
667 1956 867 2042 scriptoribus
890 1958 1055 2042 quidquam
1080 1964 1199 2045 praeter
1218 1960 1248 2025 h.
1270 1962 1292 2027 l.

314 2078 510 2139 memoratum
523 2071 636 2137 inveni.
660 2070 753 2157 Apud
778 2070 944 2135 nonnullos
967 2071 1148 2158 interpretes
1167 2073 1291 2139 traditi·

311 2210 398 2253 onem
423 2188 574 2272 quandam
598 2186 736 2272 legimus,
759 2206 828 2249 eum
852 2184 890 2249 ab
909 2208 971 2249 uno
996 2162 1292 2273 apostolorumvela

312 2300 460 2367 Josrrrrro
482 2303 711 2365 Anrrrrrurro
730 2298 770 2363 ed
795 2297 1004 2365 Christianam
1026 2301 1204 2388 religionem
1228 2324 1292 2367 am·

312 2415 501 2502 plectendam
523 2415 688 2479 adductum
713 2436 787 2492 esse,
811 2414 861 2477 cui
880 2414 934 2478 ille
957 2418 1138 2501 potestatem
1159 2416 1293 2481 dedisset

311 2531 345 2594 in
369 2551 465 2618 regno
485 2552 540 2593 suo
564 2528 755 2616 evangelium
772 2528 975 2614 praedicandi.
1023 2528 1119 2613 Cujus
1142 2530 1292 2595 narratio·

312 2648 370 2725 nis,
394 2647 444 2710 cui
463 2646 630 2711 vixtamen
654 2643 880 2709 fideshabenda
904 2648 959 2722 est,
982 2648 1136 2710 auctorem
1159 2644 1292 2709 Burru-

311 2783 391 2829 rrus
416 2762 520 2826 laudat
543 2761 754 2826 Ponrnoauu
777 2758 987 2830 Vrrornrurr.
1037 2760 1110 2826 Nisi
1132 2760 1230 2848 igitur
1256 2760 1291 2826 in

310 2876 540 2961 antiquissimae
579 2875 796 2940 Britannorum
833 2873 978 2940 historiae
1014 2875 1222 2962 scriptoribus,
1255 2880 1292 2940 ut

312 2992 486 3079 suspicatur
510 2990 754 3070 firmaremus,
777 2989 895 3074 aliquid
917 2990 954 3055 de
982 2993 1162 3058 Aavmaoo
1177 3013 1290 3056 memo-

312 3111 407 3186 retur,
430 3106 508 3172 nihil
533 3105 611 3172 certi
632 3104 669 3170 de
684 3127 720 3170 eo
744 3103 844 3170 afferri
867 3105 988 3191 poterit
