3200 5525
806 719 869 785 170

351 898 447 980 sandi,
482 903 563 986 quod
598 904 642 967 ita
675 908 815 968 narratur
839 926 856 967 a
880 903 1006 968 Tncrro
1034 906 1148 969 Annei.
1169 904 1254 969 Libr.
1274 905 1327 970 XI

351 1040 414 1104 cap.
449 1017 578 1082 XXIX:
613 1018 772 1083 uPerstitit
798 1021 1000 1098 Narcissus,
1027 1024 1058 1083 at
1090 1019 1189 1084 solnm
1213 1020 1248 1084 id
1266 1020 1327 1085 im·

306 1198 309 1202 ,
351 1138 501 1212 amutans,
536 1156 654 1218 nequo
674 1157 811 1199 sermone
834 1133 999 1221 praesciam
1020 1134 1157 1198 criminis
1180 1140 1211 1197 et
1234 1157 1327 1199 accu-

351 1248 480 1312 asatoris
504 1248 630 1313 faceret:
655 1249 720 1335 ipse
744 1249 782 1314 ad
807 1249 978 1313 occasiones
990 1248 1128 1312 intentus
1139 1248 1231 1336 longa
1243 1250 1326 1335 apud

350 1362 489 1427 aOstiam
526 1364 663 1428 Caesaris
698 1387 782 1428 mora
818 1365 893 1428 duas
924 1364 1048 1450 pellices
1069 1366 1127 1450 (1),
1149 1386 1276 1449 quarum
1296 1366 1324 1429 is

350 1478 545 1563 ttoorporibus
576 1479 706 1543 maxime
726 1479 908 1562 insueverat,
930 1479 1093 1566 largitione
1112 1502 1147 1543 ac
1166 1479 1324 1565 promissis

349 1596 400 1655 aet
431 1613 524 1656 uxore
552 1593 668 1677 dejecta
699 1595 768 1679 plns
804 1593 957 1680 potentiae
981 1595 1164 1658 ostentando
1188 1595 1323 1680 perpulit

346 1706 549 1771 adolationem
569 1707 699 1772 subire.''
732 1710 762 1772 A
785 1708 895 1793 quibus
917 1731 1011 1793 quum
1032 1709 1207 1773 Ceronius
1230 1708 1321 1772 Mne·

345 1840 487 1885 sarman
508 1823 631 1907 nuptias
651 1824 852 1910 cognovisset,
875 1824 1076 1887 Nancrssunr
1089 1824 1207 1887 Ostiam
1220 1846 1321 1887 arces·

345 1936 426 2014 sivit,
449 1937 502 2021 qui
523 1940 785 2005 criminationibus
811 1939 875 2003 suis
903 1937 932 2003 ei
957 1939 1108 2025 persuasit
1126 1945 1162 2003 nt
1184 1940 1321 2005 animad-

344 2057 474 2117 verteret
493 2055 527 2118 in
552 2054 787 2132 Mussnnrnan,
808 2078 885 2140 quae
897 2055 1019 2119 interim
1041 2059 1321 2121 cumnovomarito

343 2166 458 2231 Romae
492 2169 638 2233 festorum
658 2170 781 2255 gaudiis
802 2193 834 2234 se
859 2170 957 2235 dabat.
1004 2172 1074 2257 Ipse
1090 2171 1262 2235 Onnunrus
1285 2173 1321 2234 in

343 2304 453 2367 magno
489 2282 598 2347 timore
634 2285 819 2362 versabatur,
842 2306 935 2368 quum
956 2284 1008 2348 alii
1034 2306 1152 2369 quoque
1177 2285 1267 2349 amici
1291 2287 1319 2349 ei

343 2397 513 2476 suaderent,
549 2402 582 2461 ut
615 2399 740 2463 omuino
764 2399 920 2463 securitati
945 2421 1014 2463 snae
1039 2400 1216 2463 consuleret.
1263 2401 1318 2463 Ti·

341 2512 441 2577 mebat
460 2512 550 2577 etiam
571 2514 763 2578 Nancrssus
786 2536 824 2577 ne
847 2502 992 2599 precibus
1002 2512 1222 2577 Massanrnnn
1243 2516 1319 2578 ami-

342 2648 445 2691 corum
477 2632 644 2691 commotus
676 2629 704 2691 ei
736 2628 918 2714 ignosceret,
941 2650 998 2691 nec
1021 2628 1095 2691 satis
1119 2628 1209 2692 etiam
1233 2650 1318 2714 prae-

339 2742 420 2806 fecto
456 2743 598 2828 praetorii
634 2742 748 2806 Gnrnn
773 2742 893 2821 fidebat,
916 2743 968 2827 qui
990 2744 1016 2807 si
1035 2743 1072 2806 ad
1097 2742 1316 2808 Mrssanrnan

341 2863 371 2922 et
395 2859 482 2922 Srnrr
505 2863 605 2944 partes
630 2860 782 2934 transiret,
806 2880 948 2943 magnum
969 2857 1040 2921 inde
1065 2857 1187 2922 videbat
1205 2857 1316 2921 Curu-

340 2993 397 3036 nro
412 2971 529 3056 sibique
542 2971 711 3058 periculum
740 2971 851 3036 exoriri
875 2993 970 3056 posse.
1017 2970 1109 3041 Quod
1129 2993 1189 3055 qua
1199 2973 1317 3036 ratione

339 3086 531 3172 impediverit
562 3087 691 3173 legimus
723 3087 804 3172 apud
832 3086 988 3150 Tacrnuu
1012 3088 1126 3149 Ausul.
1148 3086 1233 3150 Libr.
1256 3086 1318 3165 XI,

341 3224 405 3288 cap.
421 3202 582 3267 XXXIII:
609 3202 712 3287 uErgo
724 3202 758 3265 N
759 3221 916 3265 aucrssus
928 3201 1100 3285 assumptis,
1113 3199 1223 3284 quibus
1234 3200 1316 3265 idem

341 3321 469 3393 umatus,
491 3338 553 3378 non
567 3316 655 3379 aliam
677 3338 759 3401 spem
779 3314 1000 3379 incolumitatis
1019 3312 1156 3376 Caesaris
1176 3315 1316 3393 affirmat,

340 3452 449 3512 aquam
482 3430 507 3492 si
527 3432 578 3514 jus
603 3430 734 3494 militum
754 3453 816 3494 uno
840 3429 894 3493 illo
919 3428 968 3491 dic
987 3427 1021 3492 in
1037 3427 1167 3511 aliquem
1190 3428 1317 3494 liberto·

340 3566 428 3608 urum
447 3545 634 3622 transferret,
657 3567 746 3629 seque
765 3547 854 3608 offert
874 3547 1094 3629 suscepturum.
1117 3543 1166 3606 Ac
1181 3565 1231 3621 ne,
1242 3541 1314 3607 dum

339 3661 391 3725 uin
413 3661 526 3726 Urbem
544 3660 673 3737 vehitur,
696 3661 734 3724 ad
753 3659 971 3746 poenitentiam
992 3682 1009 3723 a
1032 3659 1068 3722 L.
1093 3658 1258 3722 Vrrnnrro
1282 3663 1313 3723 et

337 3774 394 3843 uP.
416 3776 534 3840 Lnneo
569 3775 720 3838 Onnsrnn
755 3780 932 3852 mutaretur,
953 3773 988 3837 in
1023 3773 1127 3838 eodem
1146 3774 1314 3860 gestamine

340 3890 460 3953 asedem
485 3890 584 3976 poscit
604 3888 787 3974 sumitque.”
835 3889 939 3960 Quum
963 3893 1063 3953 antam
1089 3889 1252 3973 imperator
1274 3886 1314 3950 ad

337 4006 443 4070 urbem
474 4007 615 4083 venisset,
650 4006 851 4070 Mnssnnrnn
882 4005 910 4070 ei
930 4005 1054 4070 obviam
1073 4006 1153 4069 facta
1177 4008 1224 4069 est
1243 4025 1313 4068 cum

335 4119 439 4183 liberis
462 4119 534 4195 suis,
557 4120 710 4183 Ocnavra
734 4123 764 4183 et
791 4119 1015 4197 Bnrrrnruco,
1038 4142 1128 4184 orans
1148 4125 1184 4183 ut
1204 4119 1312 4182 horum

335 4252 438 4317 preces
455 4233 582 4311 audiret,
604 4234 678 4316 quin
699 4234 789 4298 etiam
810 4235 897 4323 virgo
917 4235 1061 4314 Vestalis,
1083 4235 1235 4312 Vrnrom,
1257 4255 1311 4319 pro

328 4352 557 4365 *ιι-

371 4402 411 4466 (1)
433 4400 531 4451 Pellitos
558 4418 597 4452 eas
615 4405 714 4453 Trcrrus
731 4406 815 4457 dauci.
831 4407 894 4458 Libr.
912 4408 951 4465 xi,
967 4423 1019 4472 cap.
1042 4407 1102 4458 XXX
1122 4405 1312 4457 crumadicuet

338 4489 489 4541 Crrorararr
506 4501 580 4541 vocat.
