3200 5525
766 733 829 798 121

310 933 460 983 nmnuuu
495 914 667 982 Brennum
704 907 843 981 Trnnun
873 938 1073 1005 progenerum
1111 922 1209 997 vocat,
1250 920 1282 982 et

309 1030 393 1095 Libr.
425 1030 521 1108 XIII,
553 1052 616 1116 cap.
644 1028 728 1095 XIX
754 1030 791 1095 de
819 1031 989 1099 Ruentem
1011 1031 1143 1097 Porum
1163 1032 1281 1118 origine

212 1146 214 1150 ’
309 1144 406 1208 dicit:
433 1166 505 1231 aper
528 1149 693 1209 maternam
713 1146 861 1234 originem
878 1146 943 1231 pari
963 1168 998 1209 ac
1021 1146 1120 1210 Nmro
1143 1145 1242 1232 gradu
1265 1166 1282 1208 a

311 1259 403 1324 ndivo
423 1261 586 1328 Aucusro
607 1258 685 1325 cet.”
710 1262 757 1349 (l)
806 1261 870 1325 Hic
889 1261 987 1348 igitur
1019 1262 1163 1325 Tranaro
1186 1261 1282 1345 impe·

309 1378 396 1439 rante
420 1378 510 1442 natus
521 1375 626 1438 floruit
638 1376 694 1439 sub
706 1376 863 1440 Nnnorrrs
886 1375 1022 1462 imperio,
1045 1375 1096 1440 cui
1109 1397 1203 1462 quum
1216 1396 1283 1438 sus·

310 1493 415 1575 pectus
447 1494 534 1568 esset,
569 1489 748 1553 interfectus
771 1495 826 1554 est.
850 1491 951 1562 Quam
975 1490 1177 1577 suspicionem
1197 1510 1285 1554 exor-

310 1607 372 1669 tam
397 1626 461 1668 esse
486 1609 588 1668 narrat
609 1604 758 1671 Tncrrus
770 1606 885 1669 Aonat.
897 1604 982 1668 Libr.
993 1603 1085 1683 XIV,
1097 1625 1161 1691 cap.
1173 1602 1286 1680 XXII,

311 1740 422 1803 quum,
452 1720 490 1784 A.
521 1718 561 1783 U.
595 1720 659 1782 813
687 1720 727 1806 (p.
756 1718 828 1783 Chr.
848 1721 917 1804 cu)
954 1723 1070 1784 comete
1105 1719 1286 1805 effulgente,

311 1831 383 1898 inde
414 1832 645 1921 portenderetur
673 1832 743 1896 finis
778 1831 897 1918 imperii
934 1832 1098 1910 Nnuorus,
1133 1852 1285 1916 quumque

312 1946 484 2011 rumoribus
520 1946 605 2034 vulgi
645 1946 845 2013 Runmmrus
884 1945 936 2010 ille
971 1945 1132 2013 Panurus
1163 1950 1286 2033 propter

313 2060 445 2125 nobilem
466 2061 615 2148 originem
635 2058 725 2145 hujus
756 2081 912 2125 successor
944 2059 1163 2148 designaretur,
1197 2082 1285 2145 quem

312 2197 463 2241 rumorem
486 2174 618 2262 fulguris
646 2174 898 2260 interpretatione
920 2182 1043 2241 auctum
1064 2200 1129 2242 esse
1149 2176 1288 2265 legimus.

313 2289 418 2376 Ipsum
439 2312 509 2355 vero
529 2290 737 2355 Rucnncrun
758 2288 882 2353 minime
900 2290 1092 2356 ambitiosum
1105 2292 1198 2356 tuisse
1211 2313 1285 2355 eon·

314 2404 417 2469 ficitur
445 2428 481 2469 ex
516 2404 579 2467 illis
605 2402 726 2467 'l’ncrm
755 2404 867 2469 verbis:
893 2406 984 2491 oIpse
1007 2407 1120 2492 placita
1140 2407 1286 2491 majorum

318 2519 456 2584 ocolebat
476 2517 582 2582 habitu
603 2539 715 2595 severo,
738 2523 822 2581 casta
845 2522 876 2581 et
900 2522 1015 2582 secreta
1039 2520 1138 2598 domo,
1159 2525 1289 2604 quanto-

317 2656 394 2718 aque
414 2637 498 2695 metu
517 2630 674 2709 occultior,
697 2634 784 2695 tanto
812 2632 882 2719 plus
901 2633 998 2698 famae
1018 2631 1173 2720 adeptus.”
1221 2635 1289 2700 Ru·

315 2746 450 2812 moribus
472 2744 536 2810 illis
555 2748 709 2831 permotus
729 2744 829 2810 Nnno
848 2746 951 2810 literas
964 2747 1002 2811 ad
1022 2771 1090 2814 eum
1103 2748 1198 2828 misit,
1216 2749 1286 2835 qui·

316 2861 373 2927 bus
397 2859 558 2925 consilinm
578 2859 605 2922 ei
619 2857 712 2935 dedit,
735 2861 770 2921 ut
783 2881 814 2922 se
827 2859 976 2923 conferret
988 2861 1021 2924 in
1041 2885 1112 2926 rura
1131 2885 1194 2940 sua,
1213 2886 1290 2948 quac

316 2977 349 3040 in
373 2976 449 3042 Asia
478 2973 623 3051 habebat3
660 2973 709 3036 cui
731 2973 858 3037 consilio
883 2971 1044 3039 obsecutus
1068 2999 1137 3040 enm
1162 2979 1289 3064 conjuge

317 3092 493 3168 Anrrsrrr,
515 3111 605 3173 quam
618 3089 731 3151 Aonot
743 3085 828 3152 Libr.
841 3087 932 3165 XVI,
956 3106 1020 3174 cap.
1036 3090 1069 3153 X
1089 3089 1290 3156 Poenorum

317 3227 436 3291 quoque
460 3208 550 3269 vocat
575 3203 731 3280 Trcrnus,
755 3224 883 3286 cumque
906 3202 1011 3288 paucis
1034 3204 1234 3270 familiaribus
1256 3206 1290 3270 in

317 3319 429 3383 Asrnn
465 3318 618 3404 profectus
653 3321 707 3381 est.
755 3316 799 3380 rt
833 3339 872 3381 ne
903 3317 1093 3402 sicquidem
1123 3321 1291 3408 pericnlum

318 3435 441 3521 effugit;
476 3436 514 3498 A.
549 3433 589 3497 U.
621 3437 685 3496 815
725 3434 765 3518 (p.
789 3431 862 3496 Ohr.
888 3435 943 3518 62)
969 3435 1050 3498 enim
1074 3435 1292 3514 Tronmrnus,

318 3551 370 3632 qui
390 3549 445 3613 illo
465 3552 600 3633 tempore
624 3547 756 3610 multum
792 3547 872 3630 apud
895 3548 1066 3612 Nnnonnm
1086 3549 1214 3628 valebat,
1235 3551 1293 3615 im-

318 3663 449 3749 peratori
482 3663 581 3726 denuo
606 3665 779 3746 suspectum
809 3681 877 3722 eum
913 3660 1056 3739 reddidit,
1086 3664 1173 3746 quasi
1196 3664 1293 3729 fretus

319 3777 455 3841 exercitu
477 3777 511 3840 in
531 3776 658 3840 Oriente
671 3796 719 3838 res
743 3795 838 3838 novas
862 3773 1028 3839 moliretur.
1051 3774 1173 3847 Quibus
1193 3781 1293 3842 autem

320 3888 584 3953 criminationibus
607 3911 675 3952 eum
700 3886 888 3951 accusaverit
912 3887 1130 3968 Truentinas,
1152 3890 1295 3956 docemur

321 4024 338 4065 a
370 4001 497 4065 Tremo
526 4003 638 4066 Annei.
662 3999 745 4065 Libr.
769 3999 861 4078 XIV,
885 4021 948 4085 cap.
969 4000 1081 4065 LVII:
1106 4003 1294 4070 aPnnurun

322 4116 462 4202 amagnis
481 4115 588 4201 opibus
615 4138 653 4179 ne
685 4116 798 4202 fingere
819 4114 939 4199 quidem
960 4116 1133 4201 cupidinem
1154 4118 1219 4197 otii,
1242 4122 1295 4185 sed

323 4234 476 4296 caeterum
507 4230 714 4294 Romanorum
746 4229 934 4295 imitamenta
967 4232 1129 4317 praeferre,
1163 4241 1296 4301 assumta

358 4405 399 4472 (t)
418 4404 484 4456 Niso
500 4418 592 4469 quoquc
609 4417 650 4468 per
665 4410 763 4454 matrem
781 4403 921 4456 locurum
938 4421 993 4458 curn
1019 4394 1119 4459 Aucusrr
1131 4408 1217 4460 tamilla
1234 4423 1296 4458 ccu-

319 4499 415 4560 juuctus
436 4501 496 4545 erat.
