3200 5525
791 691 859 754 154

340 866 435 955 igitur
451 873 485 933 ut
505 870 621 934 delator
645 877 777 950 notatur,
800 873 854 957 qui
877 873 1032 938 Nnnonrs
1051 874 1152 940 favore
1161 896 1235 939 usus
1247 897 1315 942 esse

339 982 473 1061 videtur,
485 1006 577 1068 quum
587 990 686 1050 autem
699 988 843 1073 permulti
856 988 1061 1052 delationibus
1074 990 1136 1053 suis
1148 991 1315 1055 maximum

339 1094 397 1159 sibi
422 1097 625 1182 quaesiverint
645 1101 773 1181 luorum,
796 1102 847 1167 hio
866 1103 946 1167 idem
971 1125 1035 1167 esse
1054 1109 1157 1189 posset
1180 1127 1215 1169 ae
1228 1104 1315 1169 Pao-

339 1230 424 1289 Τῑυε,
447 1213 484 1276 de
507 1237 567 1298 quo
587 1215 620 1278 in
645 1216 754 1281 Satiris
773 1218 887 1281 mentio
899 1217 943 1295 fit,
954 1239 1134 1302 quamquam
1146 1217 1226 1281 nihil
1238 1219 1315 1282 oerii

338 1323 395 1389 hao
416 1327 452 1391 de
476 1350 508 1393 re
529 1332 622 1394 statui
654 1336 763 1417 potest,
795 1332 1005 1397 deficientibus
1029 1333 1214 1419 argumentis
1238 1333 1317 1397 satis

337 1437 440 1505 firmis.

384 1670 543 1736 Postremo
568 1674 696 1761 legimus
720 1675 783 1753 sat,
804 1675 852 1739 VI
876 1698 918 1740 vs.
946 1679 1010 1741 142
1032 1699 1074 1761 sq.

417 1875 478 1936 Gur
498 1876 645 1938 desiderio
665 1879 791 1939 Bibulae
811 1878 1002 1940 Snnrourns
1021 1881 1128 1942 ardet?

418 1979 451 2039 Si
470 1999 572 2041 verum
594 1984 736 2061 excutias,
756 1984 859 2063 facies,
879 2001 938 2044 non
959 2002 1034 2044 uxor
1052 1991 1176 2046 amatur.

382 2179 456 2241 Non
481 2200 541 2242 uno
565 2180 633 2243 loco
657 2178 852 2243 Manrrruis
876 2179 941 2265 agit
954 2179 990 2243 de
1002 2180 1169 2243 Snnronro
1181 2178 1313 2263 quodam

337 2291 500 2356 libidinoso
525 2298 557 2356 et
579 2293 696 2379 guloso,
719 2316 809 2378 quem
833 2294 962 2357 eundem
977 2294 1229 2379 fnissesurpioari
1242 2316 1313 2379 pos-

337 2429 441 2471 sumus
462 2412 552 2492 atque
575 2431 653 2489 eum,
675 2412 728 2493 qui
752 2410 785 2473 in
810 2410 1054 2474 Satiranotetur.
1100 2410 1245 2498 Legimus
1257 2432 1312 2473 au-

336 2524 397 2587 tem
417 2522 501 2588 Libr.
521 2524 566 2600 H,
589 2548 634 2611 ep.
654 2524 846 2590 LXXXIV:

418 2727 478 2789 Gur
499 2727 595 2805 lingat
616 2745 743 2790 cunnum
764 2727 883 2790 Siculus
904 2713 1060 2809 Sertorius,
1081 2728 1137 2791 hoo
1158 2732 1217 2791 ert:

460 2833 514 2892 abs
535 2832 592 2894 hoo
612 2833 735 2903 occisus,
756 2832 846 2909 Rufe,
866 2833 985 2895 videtur
1003 2835 1096 2911 Eryx.

339 3000 434 3068 Libro
457 3005 520 3081 ΙΠ,
543 3027 589 3090 ep.
608 3004 769 3070 LXXIX:

179 3172 491 3271 *Rem
511 3210 628 3287 peragit
651 3210 764 3269 nullam
780 3208 937 3288 Sertorius,
958 3207 1078 3268 inchoat
1098 3223 1208 3283 omnes,

456 3313 544 3372 Hunc
565 3329 629 3390 ego,
651 3330 717 3372 eum
738 3311 837 3392 brtuit,
858 3329 917 3372 non
937 3316 1010 3391 puto
1029 3306 1180 3389 perficere.

338 3493 403 3552 tum
426 3484 512 3550 Libr.
537 3483 614 3563 VII,
636 3506 682 3570 ep.
700 3484 742 3550 X.

417 3669 452 3728 In
477 3666 573 3729 lucem
595 3672 682 3730 cenat
702 3665 860 3730 Sertorius.
902 3665 967 3740 oie,
987 3666 1059 3745 quid
1079 3666 1119 3728 ad
1138 3666 1188 3728 te?

382 3861 460 3934 Quis
483 3861 575 3926 fuerit
598 3861 656 3927 iste
679 3863 877 3940 Snnrourus,
899 3882 961 3924 non
980 3860 1086 3944 liquet3
1096 3859 1216 3923 nullum
1228 3857 1309 3923 enim

336 3978 427 4063 hujus
451 3977 583 4042 nominis
601 3976 754 4042 hominem
774 3976 855 4062 apud
880 3977 1042 4061 scriptores
1053 3976 1251 4040 memoratum
1262 3971 1312 4036 in·

337 4094 416 4172 veni,
439 4096 477 4160 ad
501 4116 589 4180 quem
613 4095 687 4160 haec
707 4094 888 4181 pertineant.
911 4092 1054 4156 Pnrnros
1086 4088 1208 4174 quidem
1226 4085 1312 4151 Libr.
1391 4090 1398 4103 ⁴

338 4209 379 4287 V,
402 4208 489 4294 epist.
512 4211 530 4274 I
556 4213 610 4294 §l
636 4209 821 4275 mentionem
840 4208 915 4273 facit
934 4208 1094 4272 Srnronn
1115 4205 1248 4280 Srvnrr,
1259 4199 1312 4266 sed

336 4325 388 4390 hio
415 4323 462 4389 vir
493 4323 638 4389 honestus
673 4346 738 4390 esse
773 4324 902 4390 videtur.
948 4321 1095 4410 Legimus
1122 4322 1223 4384 antem
1253 4315 1312 4380 li:

337 4436 535 4505 nPonronrr
554 4438 673 4505 (ianm
692 4435 874 4506 exheredato
904 4436 968 4504 filio
999 4438 1130 4504 Asumo
1152 4434 1311 4499 Caurino
